1731 2524
511 177 655 212 Decree
674 175 903 221 concerning
922 174 982 209 the
1008 173 1152 209 Tolboll.
1483 187 1527 221 43

146 271 316 305 mosinam
336 269 631 304 consuetudinem
659 268 809 303 cervisie
828 273 864 302 et
890 265 1052 301 medonis
1077 278 1182 313 quam
1202 266 1372 300 consuevi
1396 265 1527 300 habere

145 332 181 366 in
208 331 363 366 tabernis
387 330 525 365 Dublin
553 360 558 364 .
587 330 706 374 Quare
725 329 808 363 volo
826 334 862 363 et
888 327 1038 362 firmiter
1061 327 1220 374 precipio
1244 325 1342 372 quod
1368 325 1527 373 predicta

143 392 290 427 ecclesia
308 397 344 426 et
361 390 514 438 predicti
532 390 693 426 canonici
719 389 874 425 habeant
891 394 928 423 et
954 393 1099 422 teneant
1124 386 1321 433 predictam
1341 391 1526 420 consuetu-

143 450 262 485 dinem
281 450 317 484 in
335 449 504 497 predictis
531 449 687 484 tabernis
714 450 805 484 bene
825 455 860 483 et
881 448 917 483 in
944 460 1029 494 pace
1057 447 1169 482 libere
1189 453 1225 481 et
1242 446 1362 492 quiete
1388 446 1526 492 integre

144 517 179 545 et
197 510 354 556 plenarie
381 516 417 545 et
442 509 637 545 honorifice
669 521 750 544 cum
772 509 937 543 omnibus
964 508 1041 554 ejus
1069 506 1299 553 pertinenciis
1327 506 1419 541 sicut
1449 517 1527 540 eam

143 582 300 616 unquam
313 570 438 604 melius
450 569 559 604 habui
579 599 584 603 .
605 569 774 604 Testibus
795 599 799 603 .
819 569 844 604 J
847 568 986 603 ohanne
1000 566 1207 602 Narescallo
1227 596 1232 601 .
1252 565 1438 601 Willchno
1453 565 1527 599 Ma·

143 629 291 664 rescallo
311 659 316 663 .
337 630 519 664 Berteram
535 628 580 664 de
590 628 756 664 werdun
776 658 780 663 .
802 628 963 665 Gillelmi
978 628 1087 675 Pipar
1105 657 1110 662 .
1131 627 1173 663 G.
1189 627 1233 662 de
1252 627 1415 663 Costetin
1437 657 1442 662 .
1461 627 1527 662 Ro-

143 701 228 736 gero
247 688 291 723 de
310 688 426 724 Ilanes
447 719 451 723 .
471 695 506 724 et
526 688 738 724 Alexandro
758 688 872 723 Arsic.

145 810 206 845 De
235 810 375 844 decima
407 809 592 844 Cer-nisiae
621 822 640 844 e
670 808 851 843 Tabernis
880 808 1024 843 Dzzhlin
1050 837 1054 842 .
1081 808 1268 843 habendae
1298 807 1333 841 S.
1362 806 1526 841 Thomas?

526 869 697 903 Martiris
718 868 944 903 Illonasterio
963 879 1143 902 concessa.

216 959 400 995 <Iohannes
418 959 513 995 filius
532 959 667 995 domini
685 959 778 1006 regis
798 959 931 1006 Anglie
951 965 986 993 et
1005 958 1170 993 dominus
1190 958 1364 993 Hibernie
1387 957 1528 992 ballivis

143 1018 214 1053 suis
233 1018 278 1053 de
297 1019 474 1055 Hibernia
492 1020 641 1055 salutem
666 1051 672 1054 .
699 1020 826 1056 Sciatis
844 1032 901 1055 me
920 1019 1060 1054 dedisse
1079 1020 1159 1054 Deo
1178 1025 1214 1054 et
1231 1018 1411 1054 canonicis
1434 1017 1529 1053 beati

144 1078 282 1113 Thome
298 1078 342 1114 de
362 1079 499 1114 Dublin
514 1079 688 1114 decimani
707 1079 856 1114 cervisie
876 1091 982 1126 quam
1001 1079 1116 1114 habeo
1138 1091 1185 1114 ex
1204 1077 1464 1114 consuetudine
1483 1077 1528 1112 de

143 1138 299 1173 tabernis
318 1138 362 1173 de
380 1139 518 1174 Dublin
533 1138 578 1174 ad
596 1138 895 1174 sustentacionem
914 1139 1073 1185 ipsorum
1087 1137 1338 1174 canonicorinn
1359 1167 1365 1173 .
1386 1138 1433 1173 Et
1446 1137 1528 1172 ideo

144 1198 293 1234 firmiter
315 1200 474 1247 precipio
493 1200 591 1247 quod
616 1200 684 1247 ipsi
703 1212 780 1235 eam
805 1199 960 1235 habeant
984 1206 1020 1235 et
1042 1205 1188 1235 teneant
1212 1200 1303 1235 bene
1322 1205 1358 1234 et
1380 1199 1417 1233 in
1441 1209 1528 1245 pace

144 1264 180 1293 et
194 1258 330 1307 integre
351 1289 355 1293 .
377 1261 484 1295 Teste
505 1290 510 1295 .
529 1260 635 1295 fratre
652 1260 806 1295 Ricardo
821 1259 1068 1296 elemosinario
1082 1272 1162 1295 meo
1176 1259 1272 1307 apud
1284 1258 1528 1294 windesores.

726 1485 950 1522 NOTES.

702 1599 778 1636 Paye
794 1608 838 1636 35,
854 1598 910 1627 line
929 1599 970 1626 18.

204 1658 264 1685 The
278 1658 370 1686 words
387 1662 511 1696 “prowy
523 1679 544 1686 ..
562 1669 596 1686 ne
610 1659 725 1697 rerryt''
747 1659 887 1697 probably
902 1668 982 1686 mean
1007 1659 1139 1696 “proved
1154 1668 1206 1686 nor
1230 1658 1351 1692 raised‚'‘
1375 1659 1418 1686 for
1437 1659 1465 1685 in
1482 1658 1529 1686 the

145 1706 279 1744 Glossary
294 1712 323 1734 to
338 1707 387 1735 the
401 1707 482 1735 State
497 1707 602 1744 Papers
617 1708 649 1734 of
660 1707 781 1740 Ireland,
798 1717 856 1735 rere
871 1707 894 1735 is
909 1708 967 1735 said
984 1713 1012 1735 to
1035 1708 1142 1746 signify
1159 1712 1176 1723 ‘⁵
1188 1713 1217 1735 to
1233 1707 1332 1735 raise.‘'
1374 1708 1435 1735 The
1451 1708 1527 1735 word

146 1756 169 1783 is
183 1766 246 1783 now
262 1757 335 1793 spelt
349 1766 421 1789 rear,
438 1756 493 1784 and
508 1757 532 1784 is
547 1757 606 1784 still
621 1757 650 1784 in
666 1766 723 1784 use.

700 1845 780 1883 I'aye
794 1855 842 1883 40,
857 1846 913 1874 line
932 1855 974 1884 15.

206 1908 222 1920 “
234 1906 405 1943 Langable‚''
424 1915 455 1934 or
475 1907 680 1944 “landgable‚''
701 1917 758 1934 was
773 1917 788 1934 a
803 1907 914 1935 tribute
928 1907 1022 1935 which
1038 1917 1094 1935 was
1115 1907 1252 1935 collected
1276 1908 1349 1935 from
1369 1908 1455 1935 furnis
1474 1906 1528 1933 and

145 1961 339 1984 estates—one
353 1967 448 1994 penny
462 1957 535 1985 from
550 1957 616 1985 each
632 1957 927 1994 house-§panzanss
945 1957 1032 1986 Gloss.
1047 1957 1095 1985 sub
1110 1967 1177 1985 voce.

1403 2004 1438 2031 A.
1460 2003 1489 2031 S.

815 2109 845 2139 G
860 2120 875 2140 2
1439 2109 1531 2144 Aur.
