1731 2524
206 224 244 256 18
659 221 720 256 De
745 220 905 256 Concilio
926 220 972 255 H
972 220 1115 255 ibernie.

202 313 389 360 persecuti,
410 319 445 348 et
462 313 633 359 quociens
656 325 800 347 necesse
824 312 932 347 fuerit
950 318 1110 347 tenentes
1136 311 1340 358 hujusmodi
1359 311 1404 346 ad
1421 312 1488 346 hoc
1508 311 1574 346 dis-

203 374 404 421 tringantur
431 386 495 421 per
523 374 727 420 eapeionem
748 379 920 408 terrarum
944 373 1083 407 illarum
1102 372 1138 406 in
1156 384 1297 406 manum
1318 372 1452 406 domini
1470 371 1572 418 regis,

203 440 239 469 et
256 433 370 468 modis
389 434 465 468 aliis
480 433 608 480 quibus
623 433 719 468 curie
739 433 873 467 domini
891 433 984 479 regis
998 432 1123 467 melius
1143 431 1321 466 videbitur
1335 431 1513 478 expedire.

278 495 499 539 Frequenter
523 494 633 528 eciam
660 493 789 528 accidit
811 492 907 538 quod
932 492 1066 527 felones
1094 492 1250 526 evadunt
1267 504 1347 526 cum
1366 490 1483 538 predis
1504 491 1574 525 suis

204 553 395 600 aliquando
413 553 524 599 captis
543 553 579 586 in
594 560 686 587 terra
704 553 809 599 pacis,
834 564 898 598 pro
920 564 962 586 eo
987 551 1083 598 quod
1102 551 1331 597 esnnpatriote
1356 563 1427 584 non
1444 550 1577 584 habent

204 626 314 659 equos
332 613 377 647 ad
395 625 490 647 arma
504 612 548 646 ad
563 611 800 657 insequendos
819 624 878 646 eos
898 611 988 646 sicut
1007 610 1200 657 expediret.
1255 610 1478 656 Quapropter
1496 622 1575 644 con-

203 673 387 707 cordatum
406 678 459 706 est
483 678 518 706 et
546 683 761 713 concessum,
782 671 879 717 quod
906 670 1056 717 quilibet
1073 676 1196 704 tenens
1222 682 1282 703 XX.
1312 669 1455 704 libratas
1482 675 1574 703 terre

203 733 275 766 sive
295 732 331 766 in
349 730 505 765 marchia
523 730 595 764 sive
614 730 651 764 in
670 736 760 764 terra
780 730 875 776 pacis
894 730 1137 775 cujuscunque
1156 728 1263 763 fuerit
1276 728 1502 768 condicionis,
1514 727 1571 762 ha-

202 792 283 825 beat
306 803 417 825 unum
445 801 575 836 equum
602 795 845 835 competenter
873 794 1078 834 coopertum
1108 800 1178 822 una
1204 799 1284 822 cum
1311 787 1436 821 ceteris
1465 787 1569 821 armis

203 862 271 896 que
284 850 328 884 ad
339 849 407 883 hoc
421 849 600 896 pertinent
613 848 779 882 continue
794 853 997 894 promptum
1008 847 1045 881 in
1060 859 1122 881 sua
1136 847 1325 881 mansione.
1360 846 1437 880 Alii
1453 852 1569 881 autem

202 917 362 945 tenentes
380 909 533 944 habeant
550 908 702 943 bobinos
721 914 756 942 et
770 907 856 942 alios
875 918 985 952 equos
1004 906 1244 952 discoopertos
1252 905 1355 951 juxta
1369 917 1447 939 suas
1465 904 1570 939 facul—

203 977 299 1004 tates.
344 970 391 1004 Et
409 967 578 1014 quociens
591 966 750 1001 defectus
768 965 964 1012 reperiatur
982 964 1017 998 in
1030 964 1148 1009 aliquo
1161 964 1390 1010 distringatur
1405 963 1571 998 deficiens

202 1036 238 1064 et
255 1029 422 1075 puniatur
440 1026 635 1062 secundum
659 1025 844 1060 arbitriiun
863 1023 1059 1070 justiciarii,
1079 1023 1295 1057 vicecomitis
1319 1030 1355 1057 et
1373 1023 1568 1065 senescalli3

202 1095 383 1135 magnates
402 1087 511 1121 eciam
533 1091 569 1120 et
586 1085 645 1120 alii
664 1085 725 1130 qui
743 1089 926 1118 morantia
943 1083 979 1117 in
998 1082 1131 1129 Angli-a
1149 1082 1206 1117 vel
1224 1082 1307 1117 alibi
1325 1088 1426 1116 extra
1444 1088 1570 1116 terram

201 1150 303 1183 istam
322 1147 383 1193 qui
403 1145 562 1193 proficua
579 1151 671 1179 terre
687 1156 748 1178 sue
768 1142 949 1178 transferri
967 1142 1129 1177 fecerunt
1140 1142 1185 1176 ad
1199 1154 1258 1176 eos
1277 1143 1321 1176 ab
1339 1142 1404 1176 hac
1419 1149 1520 1182 terra,
1535 1149 1569 1176 et

203 1207 312 1242 nichil
331 1207 388 1241 hic
407 1206 625 1240 dimittentes
640 1204 683 1238 ad
703 1203 871 1238 salvanda
889 1208 1090 1238 tenementa
1114 1214 1176 1236 sua
1190 1214 1252 1236 seu
1270 1208 1429 1236 tenentes
1448 1213 1570 1236 eorun-

204 1268 293 1307 dem,
320 1266 363 1301 de
383 1272 501 1301 cetero
519 1265 724 1312 permittant
741 1265 945 1311 porcionem
972 1269 1229 1309 competentem
1248 1274 1438 1304 remanere,
1459 1262 1572 1296 saltim

200 1328 235 1361 111
254 1327 416 1360 manibus
430 1325 642 1360 ballivoriun
662 1336 804 1359 suorum
824 1336 888 1370 per
906 1335 1011 1369 quam
1030 1331 1122 1357 terre
1138 1334 1199 1357 sue
1211 1322 1352 1369 proprie
1371 1329 1569 1369 competen-

200 1395 253 1422 ter
272 1386 398 1421 salvari
417 1384 572 1431 poterint
591 1390 625 1418 et
649 1383 793 1417 defendi
813 1383 841 1417 si
871 1394 1034 1429 guerram
1054 1394 1116 1416 seu
1140 1381 1235 1427 pacis
1259 1381 1567 1427 perturbacionem

199 1459 262 1493 per
280 1446 416 1491 aliquos
443 1444 632 1491 contigerit
649 1443 699 1477 ibi
719 1443 888 1477 suscitari.
941 1443 987 1477 Et
1005 1442 1049 1476 ad
1067 1442 1134 1475 hoc
1160 1441 1361 1476 faciendum
1380 1452 1461 1475 011111
1480 1452 1567 1486 opus

200 1506 306 1541 fuerit
324 1517 387 1552 per
404 1504 649 1538 vicecomitem
669 1503 741 1537 sive
762 1502 991 1537 senescallum
1005 1501 1191 1536 efficaciter
1208 1501 1470 1547 distringantur.

275 1567 302 1600 F
305 1572 496 1611 requenter
515 1564 625 1598 eciam
645 1563 802 1598 evadunt
819 1562 954 1597 selones
981 1574 1061 1596 cuni
1080 1561 1199 1608 predis
1219 1561 1300 1601 suis,
1327 1572 1391 1606 pro
1414 1572 1455 1594 eo
1474 1559 1571 1605 quod

202 1626 432 1673 compatrmte
453 1624 556 1659 simul
579 1636 659 1658 cum
687 1623 737 1658 eis
765 1635 836 1657 non
854 1623 1051 1668 insurgunt,
1080 1628 1132 1655 set
1159 1620 1302 1667 quidam
1329 1631 1451 1654 corum
1471 1618 1571 1665 quasi

201 1684 463 1732 congaudentes
483 1684 635 1730 dampno
653 1689 689 1717 et
705 1682 806 1717 ruine
819 1681 927 1716 vicini
940 1681 993 1716 sui
1009 1693 1079 1726 quo
1093 1681 1188 1726 juste
1208 1679 1327 1714 dolere
1343 1678 1514 1713 deberent
1533 1690 1569 1713 se

202 1745 367 1780 simulant
385 1750 420 1778 et
431 1744 626 1784 tabescunt,
642 1743 885 1789 permittentes
898 1741 1031 1776 sclones
1044 1739 1250 1786 hujusmodi
1265 1751 1345 1773 cum
1364 1738 1483 1785 predis
1499 1738 1569 1772 suis

200 1805 408 1851 indempnes
435 1803 592 1837 transire.
651 1801 890 1846 Quamobrem
921 1799 1173 1834 concordatum
1205 1804 1257 1831 est
1293 1804 1328 1831 et
1353 1809 1568 1837 concessum,

201 1863 397 1911 quodcum
424 1862 578 1896 latrones
609 1872 672 1894 seu
697 1859 892 1894 robiatores
918 1858 1081 1892 venerint
1107 1857 1143 1891 in
1170 1857 1321 1902 aliquam
1349 1857 1497 1902 patriam
1525 1857 1569 1891 ad

200 1923 387 1970 capiendas
402 1920 528 1968 predas
543 1920 600 1955 vel
614 1918 710 1954 aliud
722 1918 852 1953 malinii
866 1917 1076 1958 fitciendiun‚
1089 1928 1210 1951 omnes
1222 1916 1451 1962 compatriote
1464 1928 1569 1961 quam

201 1985 309 2019 cicius
329 1983 373 2018 ad
390 1982 555 2017 noticiam
576 1992 673 2015 suam
692 1979 822 2025 poterit
840 1978 1013 2013 adventus
1032 1977 1173 2011 illorum
1193 1975 1370 2017 devenire,
1390 1976 1494 2010 simul
1519 1976 1569 2010 in-

201 2050 346 2091 surgant
372 2049 407 2077 et
433 2042 511 2076 illos
540 2041 772 2086 insequantur
799 2051 878 2073 cum
911 2038 1045 2073 effectu.
1100 2037 1311 2083 Quicunque
1332 2049 1415 2070 vero
1433 2049 1569 2083 compa-

201 2105 383 2139 triotarum
409 2102 550 2136 illorum
576 2099 739 2135 convinci
768 2099 898 2145 poterit
916 2098 1012 2144 quod
1040 2098 1075 2131 111
1102 2096 1317 2144 insurgendo
1342 2096 1397 2130 vel
1423 2096 1459 2130 in
1488 2097 1567 2131 illos

1350 2156 1568 2202 insequendo
