1731 2524
496 254 498 256 ’
520 252 689 301 Pede'gyree
707 253 747 301 of
756 252 884 288 Doetm‘
898 251 1068 288 Domm'elc
1082 251 1213 299 Lfflaelt.
1516 254 1554 287 81

343 349 359 361 “
372 346 474 373 Manus
490 345 606 382 propria
621 346 768 372 Emnmm
785 346 830 373 DE
847 346 965 377 Bnnco,
981 344 1172 372 archidiaconi
1187 344 1316 380 ejusdcm
1331 345 1445 372 ecclesie
1460 345 1553 382 Euag-

400 394 544 422 dunensis.

340 448 357 460 “
368 445 407 472 Et
416 454 467 482 ego
476 445 612 482 magister
622 446 803 473 thnARDus
819 446 959 477 NANGLE,
973 454 1050 473 sacre
1060 444 1162 482 pagine
1173 444 1323 481 professor,
1334 444 1396 476 viz„
1407 444 1551 475 emeritus,

396 498 424 521 et
439 503 515 521 unus
529 503 629 521 eorum
644 494 841 531 spiritualium
863 494 1038 527 auditorum,
1055 494 1095 521 sic
1109 494 1171 521 fieri
1185 493 1246 520 vidi
1261 498 1289 521 et
1305 498 1377 521 teste
1393 515 1550 521 ........

392 543 529 579 judicavi,
545 553 633 571 manu
648 545 793 572 testatoris
808 545 931 582 propria.

338 596 355 607 “
366 593 470 621 Manus
484 595 600 631 propria
613 595 744 631 magistri
760 595 913 628 CORMAm,
930 595 965 623 de
980 616 1117 623 .......
1132 594 1291 627 baccalarii‚
1307 604 1338 621 ac
1359 594 1466 621 domini
1481 594 1553 631 epis-

394 644 457 680 copi
472 644 641 672 Cluanensis
656 645 808 672 secretarii.

335 696 353 707 ‘⁶
364 692 472 724 Eodem
490 693 573 720 modo
588 703 639 729 ego
654 694 742 720 frater
758 693 885 720 Karolus
900 693 934 720 de
948 692 1047 720 ordine
1064 692 1202 719 Fratrum
1217 692 1436 719 Prodicatorum
1460 691 1553 728 perhi-

394 742 446 769 beo
462 743 659 770 testimonium
673 743 812 775 veritatis,
828 753 916 770 manu
930 743 1053 779 propria.

337 794 354 806 “
366 792 568 820 VVILLIELMUS
582 793 668 820 abbas
683 793 717 820 de
732 794 825 820 Portu
835 793 858 820 P
870 814 965 821 .....
977 793 1104 829 approbo
1118 791 1213 819 omnia
1227 791 1429 828 suprascripta.

337 845 355 856 “
367 842 504 878 Magister
514 843 685 869 EDMUNDus
698 843 740 869 Mc
753 842 874 872 HENRY,
896 841 1022 869 officialis
1036 840 1161 877 generali
1176 840 1291 867 ecclesie
1305 839 1458 868 Aladensis
1478 849 1553 866 unus

394 890 574 918 difinitorum
588 891 761 927 regulariter
776 890 896 917 difinens
911 899 1012 917 manus
1026 889 1150 926 propria.

337 943 354 954 “
366 940 427 977 Ego
441 940 530 968 frater
545 941 722 974 ConMAcus,
738 941 892 978 gardianus
907 944 1066 967 conventus
1076 940 1214 967 Fratrum
1229 939 1377 966 Minorum
1392 939 1427 966 de
1443 939 1552 972 Galvia,

395 991 470 1018 sicut
484 991 564 1027 prius
579 991 633 1018 ista
647 991 821 1022 commendo,
838 1000 925 1017 manu
942 990 1066 1027 propria.

338 1044 355 1055 “
366 1041 405 1068 Et
430 1051 481 1078 ego
508 1051 576 1069 vero
603 1041 777 1068 DERMrcms
806 1041 1001 1072 O⁷Cme1N‚
1034 1039 1155 1066 clericus
1184 1038 1353 1065 Tuamensis
1379 1038 1496 1065 diocesis
1524 1048 1555 1065 ac

395 1090 530 1126 publicus
559 1090 700 1126 imperiali
725 1090 897 1117 auctoritate
921 1089 1052 1116 notarius
1076 1098 1108 1116 ac
1135 1089 1294 1126 supradicti
1316 1089 1499 1126 provincialis
1527 1094 1555 1117 et

397 1139 517 1166 consilii.

223 1192 239 1202 “
252 1188 430 1215 Irrotulatur
444 1187 673 1225 suprascriptum
689 1192 895 1215 testamentum
910 1188 945 1215 de
959 1197 1011 1215 suo
1025 1187 1159 1224 originali
1174 1188 1204 1214 in
1223 1187 1296 1215 hanc
1311 1188 1484 1224 presenciam
1499 1189 1556 1215 for-

162 1248 244 1270 mam,
261 1238 296 1266 de
310 1239 397 1266 verbo
411 1239 446 1266 ad
460 1239 581 1266 verbum
596 1239 771 1276 transcripsi,
788 1239 818 1266 in
839 1239 924 1266 fidem
947 1244 976 1266 et
998 1239 1084 1266 robor
1098 1238 1228 1265 onmium
1248 1242 1277 1265 et
1296 1238 1476 1275 singulorum
1492 1248 1555 1276 pre-

163 1289 314 1315 missorum
330 1292 446 1325 rogatus
458 1293 486 1316 et
500 1289 688 1325 requisitus.’'

224 1367 365 1394 Domnick
375 1366 474 1405 Lynch
490 1366 539 1394 the
554 1371 681 1399 testator,
693 1365 757 1393 who
772 1376 828 1393 was
843 1365 1005 1403 commonly
1024 1365 1114 1393 called
1130 1365 1272 1393 Domnick
1284 1365 1376 1399 chbh,
1392 1366 1410 1394 i.
1422 1376 1444 1394 e.
1464 1367 1552 1403 meyer,

164 1427 196 1444 or
206 1416 254 1444 the
266 1416 358 1449 black,
371 1416 427 1444 and
436 1416 480 1443 his
495 1426 545 1444 son
555 1416 609 1443 and
619 1420 756 1443 executor
772 1415 907 1452 Stephen,
924 1425 971 1443 aro
982 1415 1051 1442 thus
1067 1415 1180 1442 noticed
1190 1415 1219 1442 in
1230 1415 1301 1442 Vita
1310 1416 1450 1443 Kirovani
1463 1425 1468 1443 :
1493 1421 1509 1431 ‘⁸
1519 1416 1555 1443 In

164 1471 280 1493 vetusto
302 1466 414 1502 collegii
435 1466 510 1493 libro
526 1466 709 1493 Dominicum
722 1465 899 1503 Lynchaeum
922 1469 1109 1502 cognomento
1131 1465 1256 1502 nigrum⁷
1273 1475 1346 1492 anno
1361 1465 1462 1493 salutis
1481 1474 1553 1503 1505·

165 1521 325 1549 mortuum,
343 1516 475 1543 intimum
494 1514 796 1552 Colleyz'ifitnclaturem
812 1515 900 1543 fuisse
913 1515 988 1552 legi:
1011 1515 1118 1551 quibus
1132 1515 1227 1542 verbis
1241 1524 1303 1542 meo
1318 1515 1434 1552 quidem
1445 1515 1556 1552 judicio

166 1567 310 1598 innuitur,
327 1566 410 1593 illum
435 1576 471 1593 cx
493 1566 614 1603 integro,
631 1576 683 1602 ope
697 1566 808 1593 nullius
822 1564 984 1603 efflagitata,
1000 1565 1152 1602 collegium
1167 1565 1340 1598 extruxisse,
1357 1565 1419 1601 ejus
1434 1566 1557 1602 insignia

165 1617 195 1643 in
227 1617 324 1652 januae
360 1616 573 1652 superliminari
601 1620 746 1643 vetustate
780 1615 852 1653 pene
884 1616 945 1652 jam
972 1626 1056 1643 exesa
1083 1616 1229 1643 visuntur.
1285 1615 1449 1652 Stephanus
1477 1615 1556 1643 illius

166 1665 344 1704 Domi[ni]ei
358 1666 443 1699 filius,
460 1666 584 1694 Andreae
599 1665 794 1694 Finiborensis
814 1677 892 1694 nunc
906 1667 956 1704 (A.
969 1667 1005 1694 D.
1020 1665 1106 1702 1668)
1127 1665 1250 1703 episcopi
1272 1666 1388 1699 abavus,
1414 1675 1488 1693 anno
1513 1675 1555 1693 sa-

165 1716 236 1744 lutis
255 1725 264 1743 1
272 1725 287 1753 ς
293 1725 306 1753 3
312 1724 327 1753 ς
342 1722 484 1749 mortuuS,
501 1717 626 1744 australe
640 1717 740 1754 templi
754 1717 830 1745 latus
845 1717 861 1745 e
875 1717 962 1744 viridi
977 1726 1117 1744 marmore
1135 1715 1243 1744 affabre
1264 1715 1367 1747 dolato,
1384 1715 1459 1742 sicut
1474 1720 1555 1752 pater

165 1765 326 1802 collegium,
349 1765 500 1793 aedifieavit
513 1777 520 1799 ς
541 1766 720 1803 gentilitium
735 1767 797 1803 ejus
812 1771 928 1794 scutum
942 1766 1038 1793 tribus
1054 1765 1169 1793 trifoliis
1191 1765 1221 1792 in
1236 1775 1334 1801 campo
1348 1774 1454 1802 cyaneo
1468 1765 1554 1792 deau-

165 1816 235 1842 ratis
249 1820 381 1842 constans
401 1815 431 1842 in
453 1825 565 1842 summo
579 1825 662 1842 muro
686 1825 774 1852 prope
796 1815 1011 1852 subgrundium
1025 1814 1172 1842 cernitur:
1195 1813 1274 1841 Idem
1289 1813 1375 1841 etiam
1390 1813 1554 1850 Stephanus

166 1870 339 1893 conventum
353 1865 548 1893 Eremitarum
564 1865 661 1893 Sancti
677 1865 839 1902 Augustini
858 1866 887 1892 in
906 1864 978 1893 colle
998 1864 1067 1892 urbi
1089 1864 1220 1896 finitimo,
1245 1867 1274 1891 ct
1297 1863 1371 1890 alius
1394 1862 1409 1890 ὲ
1424 1863 1554 1900 Lyncaeis

168 1915 382 1943 Finniborensis
393 1915 527 1952 Episcopi
538 1914 698 1951 Majoribus
713 1915 873 1942 coenobium
887 1914 1141 1941 Dominicanorum
1155 1914 1191 1941 ab
1202 1912 1346 1940 occidente
1361 1912 1556 1939 condidit.”-

167 1974 193 2001 p.
209 1973 235 2000 9.

229 2033 261 2059 In
278 2032 314 2059 A.
325 2033 359 2060 D.
379 2041 460 2069 1529,
477 2032 524 2060 Sir
539 2032 616 2060 John
627 2032 756 2066 Rawson,
772 2033 851 2070 prior
865 2033 897 2060 of
904 2033 953 2061 the
967 2033 1091 2070 hospital
1103 2032 1135 2060 of
1146 2033 1188 2060 St.
1206 2031 1284 2060 John
1299 2032 1331 2059 of
1341 2031 1509 2063 Jerusalem,
1526 2036 1555 2059 at

171 2083 372 2115 Kilmainham,
393 2093 460 2110 near
482 2083 602 2115 Dubhn,
629 2083 668 2121 by
686 2082 735 2110 the
756 2083 903 2119 following
925 2083 1109 2115 instrument,
1135 2080 1290 2118 appointed
1313 2079 1440 2116 Stephon
1456 2080 1555 2117 Lym-h

170 2133 344 2160 Fitz--Iames
358 2132 402 2159 his
416 2132 555 2169 principal
577 2137 692 2169 proctor
707 2133 762 2160 and
777 2137 862 2169 agent
882 2133 912 2160 in
931 2133 987 2160 and
1008 2131 1192 2168 throughout
1216 2130 1253 2157 all
1273 2128 1454 2163 Connaught.
1498 2129 1559 2157 The

169 2183 290 2221 original
304 2183 457 2210 document
472 2182 495 2209 is
509 2182 660 2219 preserved
678 2183 707 2209 in
723 2182 772 2209 the
788 2181 1064 2210 before-mentioned
1080 2180 1237 2217 Collegiate
1253 2179 1375 2215 Library
1391 2178 1422 2205 of
1434 2178 1560 2216 Galway.

234 2241 323 2262 uusn
341 2240 434 2262 aneu.
452 2239 514 2261 soc.
532 2239 753 2260 nuscunvm„
771 2240 792 2260 1,
875 2229 910 2259 Μ
1292 2227 1554 2255 “Procuratorium
