1731 2524
187 192 197 212 1
213 192 252 213 10
672 175 821 211 Ancient
844 175 875 209 T
874 181 1059 210 estanzents.

183 270 331 305 ecclesia
361 269 482 306 Sancti
501 268 646 303 Patricii
664 280 729 314 pro
757 267 904 302 decimis
933 267 1053 301 oblitis
1071 266 1116 300 vi.
1138 279 1161 301 s.
1182 266 1254 312 viij.
1274 265 1305 299 d.
1369 266 1460 300 Item
1478 265 1558 312 lego

183 331 348 377 operibus
367 331 514 365 ecclesie
541 331 660 366 Sancti
679 331 822 366 Patricii
842 343 875 365 Χ.
896 343 920 365 s.
984 332 1075 365 Item
1103 331 1184 378 lego
1215 330 1381 377 operibus
1410 330 1557 365 ecclesie

186 391 312 425 Sancte
333 390 516 425 Trinitatis
536 404 596 425 ΧΧ
617 403 641 425 s.
695 392 786 425 Item
805 390 953 424 ecclesie
983 389 1103 424 Sancti
1125 390 1263 424 Thome
1282 389 1434 424 martiris
1450 402 1511 424 XX.
1532 402 1556 424 s.

184 451 275 485 Item
294 451 506 485 monasterio
531 449 785 485 monachorum
806 450 915 483 Beate
934 449 1047 483 Marie
1066 462 1128 483 XX.
1150 462 1174 483 s.
1228 450 1319 484 Item
1337 450 1374 484 in
1392 449 1559 496 expensis

183 511 277 545 circa
289 510 505 556 sepulturam
518 522 630 544 meam
642 510 678 543 in
691 509 774 543 vino
790 515 825 543 et
837 508 1021 554 speciebus
1034 515 1069 543 et
1077 508 1153 543 aliis
1166 509 1340 555 expensis.
1350 521 1410 544 XX.
1424 522 1448 543 s.
1469 510 1559 544 Item

185 570 264 617 lego
283 570 426 617 Magine
441 570 546 604 uxori
565 582 641 604 mee
661 569 732 615 viij.
752 570 786 604 li.
842 571 931 604 Item
951 569 1031 617 lego
1050 570 1211 605 Marione
1230 577 1266 605 et
1284 571 1401 605 Alieie
1419 571 1559 606 filiabus

186 630 273 664 meis
302 630 419 676 equali
437 630 605 676 porcione
635 629 678 664 ad
707 642 769 664 sua
786 630 969 677 maritagia
987 642 1018 663 v.
1039 630 1073 664 li.
1127 631 1218 664 Item
1237 630 1395 666 <Iohanni
1413 632 1559 666 Dronne

186 702 220 723 X.
242 702 266 724 s.
321 690 411 724 Item
430 689 510 736 lego
530 689 715 723 Willohno
735 690 896 723 Bertram
915 701 976 722 xx.
998 701 1022 722 s.
1078 689 1167 723 Item
1187 689 1267 735 lego
1287 689 1425 724 Thonie
1447 690 1561 736 Spark

185 750 366 797 capellano
385 749 429 784 ad
456 749 628 783 orandum
646 762 710 795 pro
729 749 845 783 anima
872 762 950 783 mea
968 761 1030 783 XX
1052 762 1075 783 s.
1144 750 1234 783 Item
1257 761 1322 795 pro
1348 750 1560 795 probacione

186 809 385 844 testamenti
404 809 473 843 mei
492 809 536 842 vi.
558 821 582 842 s.
603 808 673 842 viii.
691 808 723 843 (1.
776 809 866 843 Item
886 808 967 855 1680
993 807 1176 843 residuum
1205 808 1362 842 omnium
1386 809 1561 844 bonorum

186 881 343 904 meorum
364 868 398 902 in
418 867 621 914 dispocione
641 873 875 902 executorum
893 880 1053 902 meorum
1072 867 1137 901 hos
1156 874 1365 902 executores
1384 868 1561 903 constituo

184 927 351 962 videlicet
387 926 561 960 Thomam
596 925 710 972 Spark
744 925 965 971 capell-amun
991 932 1024 960 et
1052 926 1232 973 Maginam
1256 926 1379 961 White
1411 940 1560 963 uxorem

185 1000 298 1022 ineam
313 993 348 1021 et
366 986 625 1032 supervisorem
645 985 867 1020 VVillehnuni
888 987 1049 1020 Bertram
1068 993 1308 1021 mercatorem.

259 1047 452 1081 Probatum
471 1045 537 1079 fuit
554 1057 699 1091 presens
718 1051 966 1079 testamentum
986 1057 1104 1080 coram
1129 1046 1230 1080 nobis
1252 1047 1277 1081 J
1279 1046 1417 1081 ohanne
1441 1046 1561 1094 Swyn-

185 1107 255 1141 11011
284 1105 525 1141 commissario
552 1105 709 1152 generali
738 1105 950 1140 venerabilis
980 1106 1018 1139 in
1038 1105 1183 1142 Christo
1214 1107 1322 1153 patris
1359 1119 1399 1141 ac
1428 1107 1562 1141 domini

186 1166 332 1200 Roberti
351 1165 418 1199 Dei
436 1164 549 1211 gratia
566 1164 821 1210 archiepiscopi
840 1164 977 1198 Dublin
995 1164 1031 1198 in
1050 1165 1198 1199 eeclesia
1229 1165 1422 1200 cathedrali
1443 1166 1562 1202 Sancti

186 1225 329 1260 Patricii
348 1225 485 1259 Dublin
514 1225 594 1258 XX0.
625 1223 682 1258 die
702 1224 916 1258 Novembris
945 1236 1037 1258 anno
1063 1225 1207 1259 Domini
1237 1225 1440 1271 supradicto
1471 1238 1562 1260 com-

186 1286 289 1319 missa
308 1291 361 1319 est
379 1283 640 1318 administracio
660 1283 835 1317 bonorum
855 1282 898 1317 ad
925 1282 1019 1317 idem
1048 1289 1297 1319 testamentum
1321 1286 1561 1331 spectancium

185 1343 437 1379 executoribus
456 1342 545 1377 infra
564 1342 702 1388 scriptis
720 1342 756 1376 in
775 1341 888 1376 forma
901 1342 992 1387 juris
1007 1343 1135 1388 juratis
1154 1350 1193 1378 ut
1207 1350 1261 1378 est
1278 1344 1394 1379 moris.

259 1405 306 1438 Et
340 1415 403 1437 nos
422 1402 627 1437 WVillelmus
664 1401 843 1437 Chambre
874 1401 1144 1437 archidiaconus
1174 1403 1311 1438 Dublin
1341 1410 1375 1438 et
1405 1403 1561 1438 Thomas

187 1462 311 1497 lVafre
343 1461 532 1497 eanonicus
566 1460 713 1495 ecclesie
749 1460 960 1495 cathedralis
992 1460 1111 1496 Sancti
1143 1463 1287 1497 Patricii
1324 1463 1459 1497 Dublin
1488 1476 1562 1498 cus-

188 1528 288 1562 todes
324 1526 589 1574 speritualitatis
613 1525 935 1572 archiepiscopatus
961 1525 1098 1559 Dublin
1126 1522 1208 1557 sede
1236 1529 1382 1557 vacante
1417 1535 1561 1569 presens

188 1593 437 1622 testamentum
456 1598 519 1632 per
537 1584 778 1631 infrascriptos
796 1584 1053 1619 commissarios
1078 1588 1309 1629 appropatum
1329 1589 1499 1627 quantum
1519 1583 1564 1618 ad

189 1659 252 1681 nos
270 1646 425 1693 pertinet
442 1644 691 1679 confirmamus
711 1650 746 1678 et
764 1644 1008 1689 approbamus.
1060 1643 1102 1677 In
1121 1642 1223 1687 cujus
1247 1641 1298 1675 rei
1322 1642 1562 1677 testimonium

189 1706 303 1754 sigilla
331 1705 460 1751 quibus
479 1705 514 1738 in
534 1703 630 1738 dicto
660 1703 773 1738 officio
805 1703 878 1737 sive
907 1702 1068 1737 custodia
1099 1702 1233 1736 utimur
1268 1701 1424 1747 presenti
1459 1708 1563 1737 testa-

188 1772 307 1801 mento
322 1764 556 1811 apposuimus.
593 1764 725 1797 Datum
738 1762 855 1808 quoad
871 1761 1180 1796 confirmacionem
1200 1766 1353 1794 nostram
1368 1761 1562 1806 predictam

188 1834 224 1862 et
237 1825 533 1873 approbacionem
552 1823 677 1869 quinto
696 1822 752 1856 die
771 1821 872 1857 ε1111111
891 1833 983 1855 anno
996 1819 1141 1854 Domini
1156 1818 1212 1853 111⁰.
1229 1818 1312 1853 (²00⁰.
1333 1820 1563 1867 nonogesimo

189 1887 312 1933 primo.

856 1931 902 1964 II.

264 1992 505 2030 Inventarium
524 1992 699 2025 bonorum
715 1989 857 2024 Ricardi
879 1987 1032 2034 Donogh
1045 1986 1228 2022 eonditum
1241 1987 1335 2034 apud
1354 1989 1489 2023 Dublin
1502 1990 1561 2024 xii.

190 2056 246 2090 die
260 2054 396 2101 Aprilis
408 2064 500 2088 anno
515 2051 660 2086 Domini
671 2050 728 2085 111⁶.
747 2051 852 2084 000οἏ
873 2048 1154 2096 quadragesimo.
1184 2048 1225 2082 In
1241 2048 1361 2094 primis
1381 2048 1496 2084 dietus
1508 2050 1565 2084 Ri-

1437 2109 1564 2145 cardus
