1731 2524
496 254 577 291 Ped
580 255 663 303 2⁸91·oe
681 255 722 303 qf
728 255 858 291 Doetor
870 255 1042 291 Domniclc
1056 255 1087 290 L
1090 257 1185 303 yneh
1493 258 1510 291 8
1517 268 1535 302 3

150 351 205 378 sibi
220 349 366 377 videbitur
381 347 514 384 expedire
527 357 532 374 :
554 347 669 375 fructus
683 358 798 384 quoquc
813 348 943 375 redditus
953 353 981 375 et
991 354 1148 385 proventus
1163 349 1328 385 hujusmodi
1344 350 1534 379 ecclesiarum„

148 400 291 432 villarum,
308 403 451 425 terrarum
465 402 494 424 et
513 397 705 425 dominiorum
721 398 885 434 petendum,
902 398 1095 435 colligendum
1110 404 1138 426 et
1153 399 1348 435 recipiendum
1371 409 1402 426 ac
1424 408 1535 426 conser-

148 450 282 481 vandum,
302 453 331 476 et
345 448 379 475 de
393 448 433 475 eis
447 447 482 475 ad
496 448 684 482 commodum,
701 458 787 476 usum
802 453 831 475 et
845 448 1003 476 utilitatem
1025 448 1095 476 dicti
1109 449 1214 485 prioris
1228 453 1256 476 et
1271 448 1427 485 hospitalis,
1447 448 1536 476 libere

147 498 375 536 disponendun13
402 501 552 534 ceteraque
576 498 670 525 omnia
692 503 721 526 et
743 499 857 535 singula
876 498 1046 531 faciendum,
1063 498 1255 526 exercendum
1278 502 1306 525 et
1325 497 1534 534 expediendum

147 558 202 585 que
216 549 245 575 in
255 547 399 584 premissis
415 551 444 574 et
455 547 529 574 circa
543 557 574 574 ea
588 548 744 575 necessaria
758 548 867 575 fuerint
879 557 929 575 seu
944 547 1157 584 quomodolibet
1171 551 1321 584 oportuna,
1335 547 1421 575 eciam
1433 547 1455 574 si
1469 547 1535 573 talia

147 598 239 625 forent
254 606 310 633 que
324 595 491 623 mandatum
506 596 541 623 de
555 606 584 623 se
598 596 688 633 magis
702 596 820 633 exigant
843 597 962 633 speciale
985 606 1071 633 quain
1092 597 1275 633 presentibus
1297 596 1335 623 sit
1357 605 1532 632 expressum.

146 648 184 674 Et
198 647 293 674 dictus
307 646 440 673 dominus
454 645 632 673 constituens
643 656 695 682 pro
704 655 733 673 se
742 650 769 673 ct
779 646 990 673 suecessoribus
1000 646 1058 673 suis
1070 646 1201 683 promisit
1217 656 1245 673 se
1258 651 1363 675 ratum,
1374 650 1490 681 gratum
1505 650 1532 671 οἳ

144 697 260 724 firmum
275 701 414 733 perpetuo
427 695 599 722 habiturum
622 700 716 722 totum
738 695 768 722 id
790 700 819 723 et
841 695 979 732 quicquid
1002 695 1098 723 dictus
1119 700 1290 732 procurator
1304 705 1374 722 suus
1389 695 1530 722 substitu-

143 751 227 773 tusve
248 754 298 772 seu
321 745 542 772 substituendus
567 746 602 772 ab
625 745 722 773 eodem
740 745 840 773 fecerit
862 746 891 772 in
914 746 1060 782 premissis
1076 746 1121 773 vel
1144 746 1173 773 in
1198 746 1294 782 aliquo
1316 745 1529 781 premissorum,

139 795 306 832 judicioque
328 795 390 822 sisti
412 799 441 822 et
457 794 620 830 judicatum
644 795 715 822 solvi
737 795 791 822 sub
814 794 954 832 ypotheca
976 799 1005 822 et
1027 795 1231 832 obligacionem
1246 795 1375 822 omnium
1390 795 1530 821 bonorum

142 854 260 872 suorum
275 844 425 872 mobilium
441 849 469 872 et
485 845 675 872 immobilium
690 845 870 882 presencium
885 850 913 872 et
928 845 1105 872 futurorum.
1147 846 1186 872 Et
1206 845 1302 872 dictus
1319 845 1451 872 dominus
1466 853 1531 871 eon-

144 895 266 921 stituens
281 893 316 921 ad
332 898 401 921 tunc
416 893 522 921 ibidem
537 893 691 921 declaravit
707 903 735 921 se
749 894 822 921 velle
836 893 1003 929 hujusmodi
1027 904 1106 921 suam
1129 894 1367 921 constitucionem
1388 898 1416 920 et
1438 898 1531 930 potes-

143 948 230 970 tatem
245 943 335 969 eidem
349 943 529 979 procuratori
545 952 604 975 suo,
621 947 655 969 ut
676 942 859 979 premittitur
878 942 1043 976 attributas,
1059 943 1094 970 ad
1105 943 1164 970 vim
1179 943 1329 970 biennium
1348 947 1413 979 post
1430 942 1531 970 datum

141 992 319 1028 presencium
342 996 371 1018 et
395 1000 451 1017 non
473 991 597 1027 amplius
619 990 767 1017 valituras.
824 992 917 1027 Super
942 991 1049 1027 quibus
1073 991 1207 1018 omnibus
1236 996 1265 1018 et
1291 991 1413 1028 singulis
1435 990 1530 1018 dictus

141 1040 273 1067 domiuus
296 1040 473 1067 constituens
495 1050 540 1067 ine
562 1040 707 1067 notarium
729 1039 879 1076 publicum
903 1040 1112 1076 subsignatum,
1136 1045 1171 1067 ut
1190 1041 1245 1068 sibi
1267 1050 1359 1068 unum
1380 1040 1425 1068 vel
1446 1040 1530 1077 plura

140 1090 290 1127 publicum
305 1099 354 1117 seu
370 1090 485 1126 publica
494 1089 660 1117 conficerem
675 1089 902 1116 instrumentum
918 1089 976 1117 sive
990 1090 1185 1117 instrumenta
1199 1090 1296 1117 debita
1310 1100 1377 1117 cum
1392 1090 1529 1118 instancia

142 1140 300 1175 requisivit.
351 1140 425 1166 Acta
448 1144 516 1166 sunt
541 1139 592 1167 hec
614 1144 702 1176 prout
719 1140 982 1176 suprascribuntur
1001 1145 1030 1167 ct
1050 1140 1210 1167 recitantur
1233 1141 1287 1168 sub
1302 1141 1389 1168 Anno
1404 1141 1528 1173 Domini,

141 1189 306 1216 indieeionis
328 1188 506 1225 pontificalis,
527 1198 629 1219 mense.
654 1189 700 1217 die
721 1194 749 1216 et
772 1189 832 1216 loco
856 1189 962 1225 quibus
985 1200 1079 1226 supra.
1121 1190 1309 1217 Presentibns
1331 1191 1366 1217 ad
1386 1195 1454 1218 tunc
1477 1191 1529 1218 ibi-

141 1239 204 1266 dum
219 1239 340 1267 discreto
355 1244 383 1266 et
397 1239 516 1266 honesto
531 1240 592 1266 viro
607 1239 721 1266 domino
731 1240 853 1267 Ricardo
863 1240 1014 1273 Ellercare,
1025 1240 1213 1277 prebendario
1224 1240 1258 1267 de
1269 1240 1489 1271 Castroknocke,
1501 1245 1529 1267 et

142 1289 285 1326 stywardo
299 1289 333 1316 de
349 1289 540 1327 Kyhnaynan,
557 1294 584 1316 et
601 1290 726 1317 Roborto
741 1289 836 1316 North
852 1289 974 1321 literato,
992 1290 1115 1317 testibus
1137 1290 1172 1316 ad
1194 1289 1329 1326 premissa
1344 1290 1451 1317 vocatis
1467 1299 1527 1326 spe-

141 1339 258 1369 cialiter,
275 1343 303 1365 et
318 1339 431 1373 rogatis.

317 1389 384 1416 “Et
407 1399 457 1425 ogo
479 1388 506 1415 N
511 1389 636 1416 ieholaus
654 1390 772 1420 Bennet,
789 1390 951 1417 Fl'ernensis
973 1390 1090 1417 diocesis
1112 1390 1261 1422 oriundus,
1283 1390 1425 1426 publicus,
1450 1399 1527 1417 sacri·

375 1438 448 1466 sedis
470 1439 622 1475 apostolice
644 1439 824 1471 auctoritate,
849 1439 986 1471 notarius,
1015 1439 1083 1475 quia
1114 1439 1305 1475 prenominati
1333 1439 1527 1475 procuratoris

374 1487 578 1515 constitucioni
592 1487 751 1524 potestatis,
767 1508 773 1514 .
790 1508 796 1514 .
813 1508 818 1514 .
835 1509 841 1514 .
856 1508 863 1514 .
882 1487 1041 1523 ceterisque
1055 1487 1200 1523 premissis
1214 1487 1347 1514 omnibus
1362 1491 1391 1514 et
1405 1486 1527 1523 singulis

374 1542 461 1574 prout
476 1537 734 1574 suprascribmmu·
748 1541 776 1564 et
792 1537 959 1569 recitantur,
976 1537 1030 1564 sub
1040 1537 1127 1564 Anno
1137 1536 1261 1569 Domini,
1278 1536 1444 1563 indiccionis
1458 1546 1527 1573 pon-

374 1587 494 1620 tificalis,
511 1597 613 1620 mense,
630 1587 675 1614 die
698 1591 725 1614 et
740 1587 801 1614 loeo
816 1587 922 1623 quibus
938 1596 1025 1623 supra
1041 1587 1200 1623 agebantur
1215 1591 1244 1613 et
1257 1585 1372 1619 fiebant,
1389 1595 1446 1612 una
1460 1595 1525 1613 011111

372 1637 577 1674 prenominatis
600 1637 724 1664 testibus
746 1646 861 1673 presens
886 1636 1072 1673 personaliter
1094 1635 1232 1663 interfui:
1264 1644 1353 1671 eaque
1375 1634 1469 1662 omnia
1497 1639 1525 1661 et

372 1686 485 1722 singula
508 1686 547 1712 sie
569 1686 629 1713 fieri
653 1685 712 1713 vidi
735 1691 763 1713 et
785 1685 890 1713 audivi.
942 1685 1007 1712 Ideo
1029 1684 1082 1712 1100
1104 1694 1219 1722 presens
1244 1684 1393 1721 publicum
1416 1684 1524 1710 instru-

371 1739 501 1761 mentum
520 1734 585 1761 inde
599 1734 714 1767 confeci,
730 1733 838 1771 scripsi,
861 1733 1015 1770 publicavi,
1038 1738 1067 1761 et
1087 1734 1117 1760 in
1141 1733 1214 1761 hanc
1236 1733 1381 1770 publicam
1404 1733 1522 1760 formam

371 1784 475 1821 redegi,
491 1784 629 1821 signoque
644 1789 671 1811 et
688 1784 800 1811 nomine
814 1784 883 1811 ineis
898 1784 988 1811 solitis
1003 1788 1032 1811 et
1047 1784 1190 1811 consuetis
1213 1784 1322 1820 signavi
1345 1784 1374 1810 in
1396 1783 1480 1810 fidem
1496 1789 1523 1810 et

372 1834 569 1861 testimonium
591 1834 720 1861 omnium
745 1838 773 1860 et
796 1833 976 1869 singulorum
999 1833 1212 1870 premissorum.
1254 1833 1319 1860 Una
1338 1843 1403 1860 011111
1418 1842 1521 1869 appen-

372 1883 449 1911 sione
464 1883 549 1920 sigilli
565 1883 634 1911 dieti
649 1883 802 1911 venerandi
823 1884 937 1911 Domini
959 1883 1162 1911 constituentis
1177 1883 1211 1911 ad
1225 1893 1311 1915 arma,
1329 1887 1446 1919 rogatus
1461 1892 1517 1918 spe·

371 1933 481 1960 cialiter
496 1937 524 1960 et
540 1933 704 1969 requisitus.
735 1933 853 1965 Iussus,
867 1933 985 1960 MARIA.
1015 1932 1196 1960 Nmnomus
1206 1933 1344 1964 Binum-rr,
1356 1931 1522 1958 Nomi-'iuss'

198 2030 259 2058 'she
281 2030 425 2067 following
447 2030 608 2064 document,
632 2030 703 2057 from
729 2030 777 2057 the
799 2040 873 2058 suine
899 2030 1066 2068 repository,
1088 2029 1200 2058 records
1224 2029 1272 2057 the
1294 2029 1417 2057 erection
1441 2029 1520 2056 osan

140 2080 261 2117 hospital
277 2081 305 2107 in
321 2080 447 2118 Galway,
463 2081 552 2108 called
568 2081 617 2108 the
633 2084 649 2095 “
662 2081 735 2108 Poor
750 2091 814 2108 111011
830 2081 852 2108 is
867 2080 983 2113 houss,'’
1005 2080 1033 2107 in
1049 2081 1084 2107 A.
1096 2081 1130 2107 D.
1151 2079 1234 2116 1567,
1250 2079 1289 2116 by
1299 2078 1407 2105 Mai-tin
1420 2076 1518 2114 Lynch

140 2129 430 2166 Fitz-Christoplier3
452 2130 506 2156 and
522 2130 591 2157 with
618 2130 640 2157 it
664 2130 676 2157 Ι
697 2130 770 2157 close
794 2130 871 2157 these
893 2130 1005 2157 ancient
1027 2129 1173 2157 evidences
1187 2129 1220 2156 of
1231 2128 1279 2155 the
1294 2127 1391 2164 public
1406 2126 1520 2153 munifi-

139 2189 221 2207 cence
235 2179 267 2207 of
278 2178 326 2206 the
338 2178 437 2216 Lynch
449 2179 556 2216 family,
573 2179 687 2207 alluded
702 2184 732 2206 to
747 2179 775 2206 in
791 2179 849 2206 this
861 2178 1010 2216 pedigree:

791 2225 825 2256 M
844 2236 861 2257 2
1417 2228 1433 2238 ‘⁴
1445 2224 1467 2251 T
1473 2232 1518 2251 ins
