1731 2524
210 247 254 282 72
529 234 703 280 Pedifflwe
722 233 899 280 ofDoctor
914 232 1082 267 Dmnniclt·
1098 232 1233 278 Lynclt.

207 328 278 354 duas
299 327 404 354 uncias.
445 326 527 357 Item,
543 325 698 353 conventui
719 325 754 352 de
773 325 853 351 Roba
873 324 941 351 xxd.
983 324 1065 355 Item,
1088 324 1242 351 conventui
1259 324 1294 351 de
1314 324 1491 362 Boryskerra
1510 325 1578 352 xxd.

208 377 290 408 Item,
301 374 455 402 conventui
464 373 498 401 de
507 373 602 411 Mylae
612 373 679 400 xxd.
710 372 791 404 Item,
803 372 959 399 conventui
968 371 1003 399 de
1013 371 1217 409 Bellahanasay
1228 372 1296 399 xxd.
1328 373 1408 405 Item,
1427 374 1582 400 conventui

209 425 244 452 de
258 424 432 462 Kynnaleyn
446 423 514 449 xxd.
557 422 638 454 Item,
653 421 807 448 conventui
822 420 855 447 de
870 421 1027 447 Roscoman
1041 421 1109 447 xxd.
1152 421 1233 454 Item,
1250 422 1404 448 conventui
1418 422 1453 449 de
1469 422 1581 449 Balein-

209 473 315 510 smaley
329 472 396 499 xxd.
438 471 519 503 Item,
535 471 689 498 conventui
704 470 738 497 de
752 470 904 506 Dunmory
918 470 986 496 xxd.
1028 470 1067 496 Et
1081 469 1133 497 hec
1148 470 1242 497 omnia
1256 475 1342 497 erunt
1357 471 1450 498 soluta
1464 471 1494 498 in
1508 481 1581 498 mer-

209 522 299 549 cibus.
348 521 457 548 Datum
481 525 509 547 et
531 524 627 546 actum
654 520 684 546 in
706 519 775 546 villa
800 519 910 556 Galvye
934 519 1007 545 xvii⁰
1031 519 1076 546 die
1103 520 1207 546 mensis
1230 520 1369 556 Augusti,
1393 524 1440 547 011ο
1458 526 1582 557 protunc

211 579 415 598 M.cccc.xc.vx.
456 570 522 597 Hiis
537 569 660 596 testibus
675 569 865 605 presentibus,
877 568 930 594 viz.
942 567 1066 595 discreto
1079 568 1141 595 viro
1154 568 1261 595 Thoma
1272 569 1414 607 Bodikyn,
1427 575 1583 597 mercatore

209 619 277 646 ville
299 618 415 656 Galvye,
432 622 460 645 et
481 617 593 645 Scicilie
614 616 731 654 Styffyn
753 625 844 643 uxore
862 616 991 652 ejusdem
1008 616 1026 643 J
1029 615 1155 648 ohannis»,
1172 620 1200 643 et
1217 616 1343 644 Henrico
1358 617 1475 654 Lynche
1495 617 1584 645 fratre

211 669 347 705 ejusdem,
363 673 392 696 et
406 677 500 695 coram
513 677 558 694 ine
572 667 756 702 infrascripto
769 666 903 698 nottario,
920 670 949 692 et
963 670 1072 692 cetera..

386 721 403 732 “
415 717 453 744 Et
473 726 524 753 ego
542 726 609 743 vero
623 715 798 742 Willielmus
818 715 900 752 Beyll
920 715 1080 751 presbyter,
1103 714 1339 743 Enachdunensis
1361 715 1489 753 dyocesis
1510 718 1584 753 pub-

444 765 526 796 licus,
544 764 685 800 imperiali
706 763 887 795 auctoritate,
906 763 1044 794 notarius,
1064 772 1130 789 cum
1149 763 1243 790 omnia
1263 768 1292 790 et
1313 763 1428 800 singula
1448 764 1584 800 premissa

443 813 482 840 sic
502 818 537 839 ut
551 812 732 848 premittitur
746 811 847 838 fierent
868 816 896 838 et
910 816 1072 847 agerentur,
1089 821 1203 847 presens
1224 821 1282 838 una
1296 822 1362 839 cum
1379 813 1585 848 prenominatis

445 862 570 889 testibus
587 861 717 892 interfui,
733 870 764 888 ea
785 861 879 887 omnia
899 865 927 888 et
949 861 1063 897 singula
1078 861 1117 888 sic
1131 860 1193 888 fieri
1208 861 1267 888 vidi
1281 866 1310 888 et
1326 862 1431 893 audivi,
1447 866 1534 898 atque
1553 863 1582 890 in

442 912 515 938 hanc
533 911 677 948 publicam
698 910 817 938 formam
838 910 962 946 reddegi‚
983 910 1063 947 signo
1088 915 1116 937 et
1136 911 1250 938 nomine
1272 911 1340 938 meis
1361 911 1452 938 solitis
1471 917 1501 938 et
1517 921 1584 938 con-

443 962 533 989 suetis
550 961 667 997 signavi,
684 966 802 997 rogatus
818 965 846 988 et
866 961 1025 996 requisitus
1040 961 1069 987 in
1084 960 1169 987 fidem
1189 966 1217 988 et
1239 961 1436 988 testimonium
1457 961 1585 988 omnium

445 1015 474 1037 et
501 1009 681 1046 singulorum
701 1009 913 1045 premissorum,
937 1008 1097 1036 Indictione
1121 1017 1184 1035 xm.
1209 1018 1291 1041 anno,
1314 1009 1367 1042 die,
1390 1019 1492 1041 mense,
1514 1009 1582 1042 loco,

446 1059 553 1095 quibus
568 1068 662 1095 supra,
678 1063 731 1085 etc.

271 1113 288 1124 “
300 1109 458 1136 Probatum
473 1113 501 1135 et
515 1108 706 1144 approbatum
721 1107 778 1134 fuit
797 1107 850 1134 1100
864 1117 979 1143 presens
994 1112 1206 1139 testamentum,
1223 1117 1317 1135 coram
1332 1108 1413 1135 nobis
1428 1107 1585 1135 Willielmo

213 1158 367 1185 Tuamensi
381 1157 598 1194 archiepiscopo,
618 1157 648 1183 111
663 1157 778 1184 ecclesia
792 1157 929 1193 colegiata
944 1156 1041 1184 Sancti
1056 1157 1083 1183 N
1086 1156 1187 1192 icholaj
1206 1157 1274 1184 ville
1290 1157 1408 1189 Gallvie,
1425 1157 1527 1192 quinto
1541 1157 1587 1184 die

213 1207 317 1234 mensis
339 1207 478 1243 Apprilis,
502 1206 589 1233 Anno
612 1205 727 1232 Domini
748 1214 979 1233 M.cccc.Lxxxx
998 1212 1106 1239 octavo,
1129 1210 1158 1232 et
1179 1215 1230 1242 pro
1252 1210 1423 1233 testamento
1443 1206 1586 1242 legittimo

212 1257 449 1292 pronunciatum;
462 1256 665 1291 commissaque
676 1255 731 1282 fuit
743 1255 953 1282 administratio
964 1255 1092 1282 omnium
1104 1260 1132 1282 et
1144 1255 1324 1291 singulorum
1336 1256 1477 1282 bonorum
1487 1265 1586 1292 supra-

212 1306 312 1342 scripti
323 1305 460 1338 desuncti,
471 1306 501 1332 in
512 1305 635 1341 quodam
649 1305 809 1332 inventario
820 1314 913 1331 coram
924 1305 1006 1332 nobis
1022 1305 1102 1341 prius
1117 1304 1248 1332 exhibito
1263 1310 1473 1337 contentorum,
1487 1314 1587 1340 supra-

213 1354 327 1390 scriptis
341 1354 544 1381 executoribus
559 1353 589 1380 in
610 1353 700 1380 forma
717 1353 793 1388 juris
811 1353 926 1389 juratis,
944 1358 972 1380 et
987 1363 1037 1389 per
1053 1362 1102 1379 nos
1116 1353 1198 1389 prius
1218 1353 1346 1380 admissis
1361 1358 1389 1380 et
1404 1353 1584 1388 approbatis3

213 1403 345 1439 ipsosque
360 1407 525 1430 executores
540 1402 575 1428 ab
590 1402 666 1428 0111111
682 1401 815 1428 ulteriori
829 1406 964 1437 computo
978 1410 1072 1428 coram
1087 1401 1168 1427 nobis
1184 1401 1213 1427 111
1227 1400 1280 1427 hac
1294 1406 1375 1437 parte
1390 1400 1541 1434 reddendo,
1557 1401 1586 1427 111

214 1457 354 1487 quantum
377 1461 426 1478 nos
450 1456 638 1487 nostrumque
660 1451 784 1478 officium
809 1452 961 1483 concernit,
983 1451 1185 1478 dimmittimus
1205 1455 1233 1478 et
1252 1451 1426 1478 absolvimus
1448 1460 1499 1487 per
1524 1460 1587 1487 pre-

215 1504 315 1526 sentes.
358 1499 441 1526 Salvo
457 1504 558 1531 tamen,
574 1499 603 1525 in
618 1499 750 1526 omnibus
765 1505 793 1526 et
808 1509 858 1535 per
873 1509 962 1531 omne,
976 1500 1044 1535 jure
1058 1500 1404 1536 cujuscunque.''—Orz]q.
1420 1499 1485 1528 MS.

274 1576 334 1603 The
348 1576 494 1613 following
504 1577 560 1603 last
575 1577 634 1603 will
646 1577 677 1604 of
685 1577 770 1604 Peter
786 1577 895 1614 Lynch‚
908 1577 1003 1604 which
1014 1578 1147 1605 confirms
1162 1588 1177 1605 a
1191 1579 1325 1614 previous
1340 1589 1400 1611 one,
1413 1579 1497 1606 dated
1508 1579 1544 1606 A.
1553 1579 1586 1606 D.

217 1634 297 1661 1500,
310 1625 333 1652 15
349 1625 433 1652 taken
445 1626 518 1652 from
534 1626 581 1653 the
596 1627 726 1663 original,
740 1627 890 1663 preserved
906 1627 935 1653 in
951 1627 999 1654 the
1014 1637 1088 1655 same
1100 1628 1215 1664 College
1228 1628 1350 1665 Library
1359 1628 1392 1655 of
1403 1628 1529 1666 Galway.
1560 1629 1587 1655 It

214 1673 403 1711 particularly
415 1674 520 1701 ratifies
535 1684 550 1701 a
564 1674 698 1701 donation
713 1675 793 1702 made
807 1675 845 1712 by
858 1674 907 1702 the
922 1680 1042 1702 testator
1057 1676 1085 1702 111
1102 1677 1137 1703 A.
1146 1677 1180 1703 D.
1200 1685 1280 1712 1494,
1297 1677 1340 1703 sor
1355 1677 1404 1704 the
1419 1683 1539 1714 support
1556 1678 1589 1704 of

214 1721 263 1749 the
276 1721 349 1748 altar
363 1721 395 1748 of
406 1722 447 1749 St.
461 1722 622 1754 Catherine,
635 1723 665 1749 in
681 1722 729 1750 the.
743 1723 891 1759 collegiate
906 1723 1028 1750 church:

273 1790 290 1800 “
302 1786 336 1812 111
352 1786 405 1813 Dei
426 1786 538 1813 nomine
554 1787 654 1813 Amen.
695 1787 756 1823 Ego
772 1788 877 1815 Petrus
893 1789 1018 1825 Lynche‚
1035 1799 1148 1826 compos
1172 1795 1274 1821 mente,
1291 1791 1358 1818 licet
1376 1801 1442 1828 eger
1461 1801 1586 1828 corpore,

212 1835 302 1862 condo
316 1840 519 1862 testamentum
533 1845 628 1862 meum
648 1836 678 1862 in
692 1836 770 1863 hunc
791 1837 915 1864 modum.
956 1838 990 1864 In
1010 1839 1120 1874 primis⁷
1135 1839 1197 1875 lego
1211 1840 1334 1867 animam
1355 1850 1445 1868 meam
1460 1842 1587 1878 omnipo-

213 1883 288 1911 tenti
302 1884 362 1910 Deo
376 1883 460 1920 patri,
477 1883 536 1910 filio
550 1888 579 1910 et
593 1884 711 1919 spiritui
726 1890 831 1917 sancto,
848 1890 944 1912 sancte
958 1886 1047 1913 Marie
1062 1887 1169 1923 virgini
1183 1897 1215 1914 ac
1229 1889 1323 1921 matri,
1338 1894 1433 1916 sancte
1449 1890 1587 1918 Katerine

213 1933 320 1970 virgini
334 1938 363 1960 et
376 1933 499 1965 martiri,
516 1938 612 1960 sancto
627 1933 761 1961 Michaeli
776 1934 953 1971 archangelo,
969 1935 1159 1972 omnibusque
1180 1937 1285 1964 sanctis
1300 1947 1331 1964 ac
1345 1938 1457 1965 civibus
1477 1939 1588 1966 celestis

212 1983 299 2015 curie,
322 1991 481 2018 corpusque
501 1991 596 2008 meum
617 1982 652 2009 ad
673 1982 877 2018 scpelliendum
898 1983 928 2010 in
949 1983 1065 2011 ecclesia
1085 1984 1233 2021 collegiata
1253 1987 1343 2013 saneti
1366 1987 1497 2014 Nicholai
1518 1988 1588 2016 ville

213 2031 320 2063 Galvie,
331 2036 396 2058 ante
410 2031 499 2058 altare
514 2036 608 2058 sancte
618 2031 769 2059 Katerine:
784 2037 813 2059 et
828 2033 930 2060 timens
945 2033 1022 2069 quod
1036 2034 1132 2061 subita
1146 2034 1262 2062 fuissem
1277 2035 1467 2073 interemptus
1482 2042 1583 2070 morte,

211 2086 240 2108 et
260 2080 439 2108 considerans
460 2080 536 2116 quod
556 2081 672 2107 caucius
693 2086 796 2108 cuncta
816 2081 1009 2118 disponuntur
1030 2083 1099 2110 dum
1121 2084 1242 2120 quisque
1261 2095 1345 2112 sanus
1366 2086 1477 2119 existit,
1500 2095 1586 2122 quam

212 2138 277 2155 cum
298 2128 435 2165 languens
450 2138 528 2155 mens
547 2128 737 2164 perturbatur
760 2128 986 2163 infirmitatibus,
1003 2131 1055 2157 feci
1074 2136 1103 2158 et
1123 2132 1243 2166 condidi,
1259 2138 1345 2169 atque
1360 2144 1446 2161 manu
1470 2135 1586 2171 propria

1488 2184 1587 2220 scripsi
