1731 2524
184 197 194 218 1
209 195 247 218 12
498 182 701 231 Aut091³aplz
715 182 828 219 Letter
846 183 885 231 (ψ’
897 183 929 218 T
929 183 1021 230 ltadgt
1040 182 1216 230 O'Roddy.

183 276 302 311 Sancti
321 275 418 311 Clari
437 276 584 311 ecclesie
603 275 722 312 Sancti
741 274 920 310 Audoeni.
957 276 1047 310 Item
1061 275 1142 322 lego
1157 275 1250 310 dicte
1270 275 1431 309 Marione
1450 273 1555 308 uxori

181 347 258 370 mee
283 335 485 381 porcionem
504 347 618 369 meam
638 334 795 369 omnium
822 334 1027 369 utensilium
1047 334 1173 369 domus
1197 346 1274 369 mee
1299 333 1499 369 habendam
1521 339 1557 368 et

181 394 368 429 tenendam
394 393 508 429 eidem
528 394 689 429 Marione
714 393 759 428 ad
777 393 967 428 terminum
986 394 1057 428 vite
1077 407 1148 429 sue.
1202 396 1249 429 Et
1267 400 1347 440 post
1373 393 1557 428 decessum

182 455 258 500 ejus
277 454 358 488 volo
383 460 418 488 et
440 454 520 500 lego
539 453 636 500 quod
662 452 847 488 Johannes
866 452 1020 500 Donogh
1049 453 1178 488 habeat
1207 454 1413 500 porcionem
1445 464 1557 487 meam

182 514 356 548 dictorum
382 513 587 548 utensilium
615 513 877 559 imperpetuum
909 513 975 547 sibi
999 519 1034 547 et
1051 513 1243 548 heredibus
1273 513 1344 547 suis
1373 525 1412 547 ac
1441 512 1560 558 hujus-

182 573 279 608 modi
306 573 506 609 testamenti
535 573 604 607 mei
632 572 809 607 constituo
840 585 936 607 meos
968 579 1179 607 executores
1210 572 1393 608 dominum
1412 573 1559 607 Petrum

183 632 298 668 Rathe
325 633 544 679 capellanum
564 638 599 666 et
617 631 736 666 David
755 632 864 666 Rowe
895 632 1009 667 civem
1035 632 1172 667 Dublin
1201 632 1246 666 ad
1277 631 1559 667 distribuendam

183 693 386 739 porcionem
402 705 515 726 meam
534 692 710 726 dictorum
730 692 905 725 bonorum
926 697 961 726 et
979 691 1182 726 debitorum
1201 697 1307 738 prout
1326 691 1451 726 melius
1466 691 1560 725 vide-

184 753 281 787 bitur
298 751 485 798 exspedire
505 764 544 786 ac
563 751 739 786 Jacobum
760 750 942 798 Blakeney
961 751 1174 798 armigerum
1194 751 1276 785 inde
1302 751 1560 797 supervisorem

185 812 310 847 ordino
325 811 414 846 facio
433 818 469 846 et
486 811 663 846 constituo
682 822 745 857 per
769 817 960 857 presentes.
1014 812 1103 845 Item
1123 811 1203 857 lego
1222 811 1369 845 cuilibet
1396 816 1561 845 executo-

186 884 263 906 rum
282 883 440 906 meorum
460 871 503 905 vi.
524 883 547 905 s.
569 870 639 904 viii.
660 869 691 904 d.
721 871 811 905 Item
830 870 910 917 lego
926 870 1021 905 dicto
1041 871 1256 917 supervisori
1274 871 1343 905 mei
1363 871 1562 905 testamenti

187 933 230 966 vi.
252 944 275 966 s.
295 931 365 977 viij.
385 931 417 965 d.
455 932 546 966 Item
565 931 645 978 lego
663 943 727 977 pro
746 931 958 977 probacione
978 931 1178 966 testamenti
1197 931 1266 965 mei
1285 943 1316 964 x
1339 944 1362 965 s.
1383 936 1418 965 et
1436 937 1561 965 cetera.

261 991 455 1025 Probatum
483 990 550 1025 fuit
580 990 648 1025 hoc
676 1002 822 1037 presens
854 996 1104 1025 testamentum
1133 1002 1251 1025 coram
1282 990 1384 1025 nobis
1411 990 1564 1024 Ricardo

188 1051 416 1098 permissione
456 1050 576 1085 divina
607 1050 872 1096 archiepiscopo
908 1050 1044 1084 Dublin
1075 1050 1320 1095 IIibernieque
1349 1049 1497 1096 primate
1528 1049 1564 1083 in

188 1110 336 1145 ecclesia
353 1116 473 1144 nostra
491 1109 686 1144 cathedrali
708 1109 828 1145 Sancti
843 1109 989 1144 Patricii
1008 1110 1144 1144 Dublin
1164 1109 1251 1155 xiij?
1267 1109 1324 1144 die
1336 1109 1466 1143 mensis
1478 1109 1564 1143 Maii

188 1182 279 1205 anno
298 1169 386 1204 infra
403 1169 533 1216 scripto
545 1181 783 1215 concessaque
802 1175 856 1203 est
873 1169 1137 1203 administracio
1151 1169 1326 1203 bonorum
1342 1167 1431 1202 infra
1444 1168 1565 1215 scripti

188 1229 347 1264 defuncti
378 1229 630 1263 executoribus
658 1228 750 1263 infra
774 1228 962 1262 nominatis
982 1228 1025 1262 de
1044 1227 1141 1262 fideli
1160 1234 1326 1274 compoto
1350 1227 1432 1262 inde
1464 1227 1566 1262 nobis

188 1289 371 1324 reddendo
390 1301 471 1323 cum
489 1288 525 1322 in
545 1301 585 1323 ea
610 1294 709 1335 parte
724 1287 894 1335 fueri[n]t
917 1287 1075 1334 legitime
1094 1287 1255 1333 requisiti
1283 1287 1319 1321 111
1348 1286 1460 1321 forma
1474 1287 1566 1333 juris

184 1349 319 1395 juratis.
340 1350 381 1383 In
394 1349 496 1395 cujus
510 1349 561 1383 rei
580 1348 821 1383 testimonium
842 1347 1066 1394 presentibus
1089 1347 1243 1395 sigillum
1256 1354 1417 1381 nostrum
1436 1347 1565 1394 apponi

188 1410 343 1445 fecimus.
388 1410 520 1444 Datum
539 1409 596 1444 die
610 1410 690 1445 loco
709 1415 744 1444 et
762 1421 854 1444 anno
874 1407 1127 1455 suprascriptis.

1414 1466 1458 1500 A.
1482 1466 1506 1501 S

393 1614 487 1649 ART.
510 1615 614 1649 VIII.
650 1614 853 1663 Autogsraplz
873 1614 984 1650 Leito·
1002 1616 1040 1661 of
1054 1615 1177 1662 Tltacly
1193 1614 1369 1662 ()'}?0ddy.

195 1695 345 1793 ἹἺΗΕ
365 1694 550 1742 following
568 1696 691 1730 Letter
708 1696 738 1730 is
765 1695 891 1742 copied
910 1695 1000 1730 from
1020 1695 1078 1730 the
1098 1696 1311 1743 Autograph
1340 1696 1380 1730 of
1395 1696 1506 1743 Teige
1528 1709 1568 1731 or

302 1755 431 1802 Thady
446 1754 628 1802 O’Roddy,
649 1755 766 1790 which
784 1756 813 1790 is
842 1755 1042 1802 preserved,
1062 1755 1184 1790 bound
1210 1768 1258 1802 up
1277 1755 1363 1790 with
1391 1768 1411 1790 a
1434 1756 1566 1790 vellum

195 1815 283 1860 MS,
302 1815 337 1849 in
357 1815 415 1849 the
435 1815 586 1863 Library
605 1815 644 1849 of
655 1816 797 1864 Trimty
813 1816 970 1864 College‚
991 1816 1136 1851 Dublin.
1182 1816 1246 1863 (H.
1276 1828 1303 1850 2.
1336 1816 1407 1862 16).
1455 1817 1488 1851 It
1506 1816 1568 1851 has

197 1887 242 1909 no
261 1874 538 1921 superscriptiou
556 1886 596 1908 or
614 1874 773 1919 acldress3
793 1876 859 1910 but
876 1888 912 1909 as
934 1875 991 1910 the
1005 1874 1147 1909 volume
1161 1886 1248 1909 once
1267 1874 1445 1922 belonged
1457 1880 1494 1910 to
1508 1875 1568 1910 the

196 1932 398 1969 celebrated
416 1932 603 1980 antiquary
622 1933 778 1968 Edward
796 1932 934 1980 Llwyd,
960 1933 987 1968 it
1004 1945 1085 1980 may
1107 1933 1150 1967 be
1169 1933 1370 1968 concluded
1396 1934 1570 1982 probably

198 1993 274 2028 that
292 1992 351 2028 the
370 1992 474 2027 letter
493 2005 564 2027 was
583 1993 725 2028 written
739 1994 787 2041 by
800 1993 930 2040 Roddy
954 1993 990 2028 in
1010 2006 1148 2028 answer
1167 1999 1202 2028 to
1222 2006 1316 2029 some
1336 1995 1475 2040 queries
1494 2007 1570 2041 pro-

198 2052 308 2099 posed
323 2058 359 2087 to
376 2051 450 2086 him
475 2051 522 2100 by
541 2051 680 2100 Llwyd.

1461 2114 1571 2162 Teige
