1731 2524
627 198 689 233 De
714 197 876 233 Concilio
896 197 1086 233 Hiberniae.
1497 213 1514 235 2
1526 213 1536 234 1

164 298 321 339 tempore
346 291 408 325 1110
427 289 594 325 invadere
614 302 677 325 seu
704 290 873 325 insultare
893 302 1105 336 quacunque
1125 290 1169 325 de
1198 303 1305 326 eausa
1334 291 1389 325 vel
1412 292 1540 333 colore,

163 365 228 388 nee
246 352 381 398 aliquid
407 352 452 387 ab
470 352 520 387 eis
540 364 663 399 rapere
683 364 746 387 seu
769 364 895 399 capere
919 357 1043 386 contra
1067 351 1287 386 voluntatem
1316 363 1437 386 eorum
1468 365 1537 387 non

162 419 332 456 coactam;
353 412 450 458 quod
469 413 497 447 si
515 413 594 459 quis
613 412 860 447 contravenire
875 411 1138 459 presumpserit,
1158 411 1313 458 graviter
1332 423 1415 457 erga
1429 410 1537 445 domi-

162 484 247 507 num
264 484 384 519 regem
403 472 572 519 puniatur
595 478 762 518 tanquam
781 471 876 518 pacis
895 482 956 505 sue
976 470 1212 517 perturbator,
1231 476 1267 504 et
1284 469 1536 503 nichilominus

161 532 377 579 Hybernicis
396 532 445 567 sic
470 532 552 567 lesis
579 532 731 578 dampna
758 531 920 566 restituat
948 530 1103 565 taxanda
1122 542 1186 576 per
1204 529 1381 564 visnetum
1399 541 1537 575 compe·

161 600 304 628 tentem.

236 654 457 699 Frequenter
483 652 594 687 eciam
631 650 760 686 accidit
786 649 883 696 quod
909 662 990 685 011111
1016 649 1215 697 Hybernici
1243 660 1279 683 se
1304 648 1467 683 dederint
1493 648 1537 682 ad

160 713 400 761 guerrandum
419 725 465 748 ex
483 719 627 759 arrupto
645 712 702 747 vel
721 711 923 758 improviso,
942 709 1082 757 capitali
1094 708 1293 755 justiciario
1308 714 1393 743 tune
1408 708 1443 742 in
1464 720 1539 753 par-

162 772 256 807 tibus
268 771 412 806 remotis
424 777 559 818 agente,
574 770 677 817 pauci
692 769 749 804 vel
764 769 854 804 nulli
865 769 1091 816 reperiuntur
1105 768 1167 814 qui
1183 767 1349 802 resistant
1367 774 1402 802 et
1414 779 1537 801 eornm

161 831 345 867 malefacta
371 831 565 878 reprimant
591 830 648 865 vel
666 831 886 877 pertiffbent,
911 842 974 876 per
1000 828 1098 875 quod
1122 827 1240 874 sepius
1259 834 1351 862 terre
1370 827 1538 861 marchia-

161 903 240 926 rum
267 890 567 937 quamplurimum
586 889 824 924 devastantur.
873 889 936 924 Ad
954 889 1051 935 quod
1069 888 1267 935 perieulum
1286 886 1471 922 vitandum
1491 888 1539 922 in-

162 958 352 998 posterum,
371 949 624 985 concordatim]
639 955 692 984 est
706 955 741 984 et
755 961 972 990 concessum,
987 948 1085 995 quod
1099 960 1205 995 quam
1217 948 1326 983 cicius
1341 948 1539 995 Hybernici

161 1024 226 1059 per
243 1010 434 1045 homicidia
452 1009 509 1044 vel
522 1009 687 1044 incendia
705 1021 768 1044 seu
786 1008 913 1055 predas
932 1007 1105 1055 capiendo
1124 1019 1160 1042 se
1176 1007 1359 1054 posuerint
1377 1006 1421 1041 ad
1439 1019 1539 1053 gnei·-

162 1071 322 1112 randum,
342 1082 463 1105 omnes
482 1069 652 1117 degentes
671 1070 707 1104 in
731 1069 903 1104 comitatu
921 1081 983 1103 seu
1007 1068 1171 1103 libertate
1186 1069 1247 1103 ubi
1267 1068 1467 1116 Hybernici
1488 1069 1539 1103 illi

163 1139 245 1168 sunt
262 1138 448 1173 morantes,
473 1138 508 1166 et
531 1131 643 1165 eciam
666 1130 773 1165 vieini
798 1130 852 1165 sui
876 1129 920 1164 de
945 1128 1099 1164 confinio
1130 1128 1364 1164 marchiarum
1395 1141 1536 1163 suarum

162 1192 386 1228 concorditer
400 1198 435 1227 et
452 1192 489 1226 in
502 1191 607 1226 simul
625 1191 810 1238 insurgant
820 1190 856 1225 in
872 1190 1108 1238 Hybernicos,
1124 1196 1159 1224 et
1177 1189 1227 1224 eis
1241 1201 1403 1236 guerram
1422 1201 1540 1223 manu-

162 1259 306 1289 teneant
325 1252 523 1299 sumptibus
538 1251 610 1286 suis
635 1251 786 1299 propriis
805 1263 991 1298 quousque
1010 1250 1209 1299 Hybernici
1227 1250 1280 1284 illi
1298 1249 1343 1284 ad
1362 1261 1482 1296 pacem
1503 1262 1538 1283 se

163 1313 394 1355 reddiderint,
407 1313 463 1347 vel
477 1313 592 1347 trebas
605 1325 666 1347 seu
681 1319 821 1360 treugas
836 1312 1055 1359 optinuerint
1067 1324 1086 1346 a
1099 1310 1323 1358 magnatibus
1338 1316 1429 1344 terre
1445 1309 1540 1344 illins

164 1374 209 1409 ad
233 1374 300 1409 1100
324 1373 511 1420 deputatis,
543 1373 600 1407 vel
627 1372 725 1418 quod
751 1372 910 1419 capitalis
933 1370 1151 1417 justiciarius
1178 1368 1276 1405 aliud
1293 1368 1376 1403 inde
1396 1368 1542 1403 duxerit

163 1433 410 1470 ordinandum.
455 1433 550 1467 IIuic
575 1432 686 1467 eciam
705 1430 925 1466 ordinacioni
945 1442 1016 1464 non
1034 1428 1204 1464 obediens
1223 1440 1286 1475 per
1300 1428 1537 1474 justiciarium

164 1494 408 1529 vicecomitem
428 1505 489 1527 seu
504 1493 736 1527 senescallum
756 1491 996 1538 distringatur,
1017 1497 1052 1525 et
1069 1502 1134 1537 pro
1149 1489 1344 1524 rebellione
1364 1501 1424 1524 sua
1440 1489 1539 1535 puni-

164 1561 243 1589 atur
261 1566 326 1600 pro
344 1553 524 1587 demeritis
544 1553 648 1599 culpe
668 1565 738 1587 sue.

238 1613 437 1661 Hybernici
455 1613 565 1647 eciam
580 1612 624 1647 de
643 1612 816 1647 densitate
837 1612 1023 1646 bose-orum
1043 1618 1078 1645 et
1096 1608 1336 1657 profunditate
1362 1620 1539 1643 morarum

164 1673 403 1721 adjacensium
441 1672 660 1708 confidentes
699 1679 884 1707 assumunt
923 1670 1106 1706 audaciam
1147 1669 1257 1704 cicius
1296 1668 1538 1715 delinquendi,

163 1734 318 1769 maxime
336 1746 415 1768 cum
431 1733 488 1768 via
502 1733 598 1779 regia
612 1733 698 1768 locis
718 1745 821 1780 quam
837 1732 998 1780 plurimis
1014 1730 1240 1778 spissitudine
1256 1730 1353 1765 bosci
1369 1730 1539 1765 velociter

164 1793 354 1829 crescentis
368 1794 441 1840 jam
471 1801 552 1828 sunt
570 1793 753 1828 indens-ate
778 1799 813 1828 et
835 1794 989 1834 obtruso,
1009 1791 1106 1839 qnod
1132 1791 1195 1826 vix
1214 1790 1339 1837 aliquis
1359 1790 1462 1825 01111111
1483 1802 1538 1835 pe-

164 1853 290 1889 destris
310 1865 372 1900 per
396 1866 453 1888 eas
472 1854 603 1900 poterit
620 1854 788 1897 transire;
817 1866 880 1900 per
898 1852 995 1900 quod
1013 1865 1094 1887 cum
1114 1850 1311 1899 Hybernici
1338 1857 1417 1897 post
1436 1850 1537 1884 male-

163 1912 255 1948 facta
278 1925 339 1948 sua
357 1919 575 1948 revertentes
601 1913 645 1948 ad
668 1914 815 1948 boscum
839 1911 1045 1959 hujusmodi
1068 1911 1124 1946 vel
1151 1923 1284 1945 moram
1310 1910 1443 1956 possint
1464 1922 1537 1955 per-

164 1973 309 2020 tingere,
340 1973 424 2008 licet
457 1974 691 2021 compatriote
725 1974 962 2009 communiter
989 1972 1123 2008 vellent
1151 1984 1211 2006 eos
1242 1970 1380 2016 insequi
1412 1978 1445 2004 01
1478 1984 1537 2004 cos

165 2033 405 2079 insequantur,
425 2034 583 2070 evadunt
602 2035 718 2082 sepius
738 2035 812 2070 sine
832 2034 996 2082 dampno,
1020 2034 1080 2069 ubi
1099 2033 1127 2068 si
1150 2038 1286 2080 pateret
1304 2042 1473 2067 accessus,
1493 2031 1538 2064 ab

166 2094 215 2128 eis
234 2093 295 2139 qui
313 2105 373 2128 eos
391 2094 627 2140 insequuntur
644 2093 761 2129 forent
775 2093 995 2140 deprehensi.
1050 2092 1165 2139 Super
1179 2103 1250 2138 quo
1265 2089 1464 2125 ordinatum
1484 2094 1538 2123 cst

1503 2156 1538 2182 ct
