1731 2524
187 233 232 276 76
524 228 690 277 Pesliyr'ee
708 231 752 276 os
761 228 888 264 Doctor
902 228 1072 264 Domniclc
1089 228 1222 276 Lynclz‚

185 319 319 355 illegible.
361 318 431 345 This
445 318 562 345 curious
576 318 732 345 document
743 323 922 345 enumerates
934 318 1041 345 several
1056 317 1243 345 ecclesiastics
1257 317 1289 344 of
1299 317 1349 345 the
1363 317 1433 345 then
1446 318 1563 345 Church

185 369 217 396 of
227 369 348 396 Ireland.
390 368 418 396 It
432 368 524 396 shews
539 368 587 395 the
602 367 738 395 affluence
759 368 791 394 of
806 367 855 394 the
870 367 999 404 burgher
1013 367 1083 394 class
1098 372 1127 394 at
1142 367 1206 394 that
1220 367 1320 404 period
1334 378 1341 399 ;
1356 367 1411 394 and
1427 367 1476 394 the
1493 377 1564 404 opu-

184 418 262 445 lence
277 418 332 444 and
346 417 534 444 munificence
544 417 576 444 of
584 417 632 444 the
647 416 807 443 individual
816 416 846 443 in
859 417 1000 452 question,
1014 416 1085 445 who,
1101 426 1204 453 among
1219 416 1302 444 other
1316 417 1459 452 bequests,
1473 417 1565 444 leaves

185 467 305 503 legacies
322 472 338 481 “
348 472 378 494 to
393 467 430 493 all
445 466 494 494 the
509 472 647 494 convents
661 466 691 493 in
707 465 850 493 Ireland.'’

247 516 404 545 “Thomas
428 516 481 543 Dei
506 520 533 543 et
550 515 716 552 Apostolice
735 515 809 541 sedis
828 515 928 550 gratia,
945 514 1189 551 Archiepiscopus
1211 515 1388 543 Tuamensis.
1412 516 1564 543 Cornelius

185 570 353 601 procurator
374 564 491 600 Georgii
510 564 702 600 Elphinensis,
725 563 860 590 Matheus
880 563 1046 596 Duacensis,
1068 563 1195 590 Padinus
1212 570 1383 600 procurator
1400 565 1561 597 Aladensis,

186 615 340 642 Cormacus
355 613 516 640 Akadensis
537 613 633 640 eadem
649 613 702 640 Dei
716 613 809 649 gratia
825 612 1009 639 ecclesiarum
1028 612 1161 649 episcopi,
1180 613 1272 640 Eneas
1292 614 1378 640 abbas
1399 614 1434 641 de
1451 615 1560 650 Cunga,

185 664 327 690 Ermanus
349 663 435 690 abbas
460 662 494 690 de
522 663 612 690 Fonte
635 663 763 694 Patricii,
789 662 965 689 Williclmus
988 663 1074 689 abbas
1097 662 1132 689 de
1154 662 1247 689 Portu
1272 663 1404 695 Patrum,
1428 663 1561 690 Millerus

187 714 273 740 abbas
294 712 328 739 de
354 712 457 748 Magio,
482 712 605 739 Thomas
626 712 748 739 decanus
770 712 945 743 Tuamcusis,
970 712 1124 739 Ffelimeus
1146 711 1363 738 archidiaconus
1385 712 1562 743 Tuam-ensis,

186 761 333 788 Donaldus
345 761 468 787 decanus
482 759 725 791 Enachdunensis,
740 759 911 786 Edmundus
925 759 1141 787 archidiaconus
1157 760 1401 790 Enachdunensis.
1416 761 1435 788 J
1438 761 1563 788 ohannes

186 810 348 837 wardianus
363 810 479 837 ecclesie
492 809 641 845 collegiate
655 809 723 836 ville
732 809 766 836 de
779 809 887 839 Galx-ie,
903 809 1020 836 diocesis
1030 809 1275 843 Enachdunensis,
1291 810 1424 837 dominus
1434 809 1564 847 Kyntius

186 861 238 887 Dei
252 860 345 897 gratia
358 860 507 896 episcopus
523 859 698 891 Cluanensis,
714 859 860 895 provincie
876 859 1064 891 Armachane,
1081 859 1247 888 venerande.
1261 860 1406 895 religionis
1418 865 1521 896 patres,
1535 866 1563 887 et

185 910 296 941 fratres,
312 909 402 936 frater
414 908 554 935 Ricardus
569 908 681 944 Nangle
696 913 873 935 sacrosancte
889 906 1063 945 [theologie]
1080 908 1187 938 doctor,
1205 908 1292 935 frater
1305 908 1443 940 Clemens,
1457 909 1564 935 ordinis

185 958 219 986 de
234 958 433 990 Obsermncia,
451 958 612 985 Gardianus
636 957 671 985 de
686 958 886 995 Kylconynne,
902 958 991 985 frater
1007 958 1162 985 Cormacus
1183 957 1311 994 ejusdem
1331 957 1439 985 ordinis
1462 958 1563 985 Gai-di-

186 1017 256 1034 anus
266 1007 299 1034 dc
312 1006 418 1040 Galvia,
430 1007 565 1043 magister
576 1006 749 1033 Edmundus
762 1006 951 1033 Difinitoriun
962 1017 1039 1034 unus
1051 1007 1175 1034 nacionis
1187 1007 1228 1034 Μο
1238 1007 1327 1044 Eury,
1338 1007 1475 1043 magister
1484 1007 1564 1034 Phil-

184 1057 261 1093 lipus
274 1057 314 1084 Mc
323 1058 404 1094 Enry
415 1066 492 1084 unus
507 1056 706 1087 diffinitorum,
717 1057 806 1084 frater
819 1057 939 1084 Carolus
949 1057 1046 1094 Lyane
1057 1056 1166 1084 ordinis
1178 1056 1392 1092 predicatorum
1408 1057 1487 1084 verbi
1499 1057 1562 1089 Dei,

186 1106 318 1132 omnibus
340 1110 368 1132 et
389 1105 511 1142 singulis
527 1105 637 1132 Christi
658 1104 800 1136 fidelibus,
816 1110 961 1141 presentes
984 1109 1095 1131 nostras
1117 1104 1215 1132 literas
1237 1110 1368 1141 patentes
1389 1105 1561 1141 legentibus,

185 1155 371 1182 audientibus
391 1155 559 1191 pariterque
580 1155 754 1187 videntibus,
777 1155 899 1182 salutem
921 1160 949 1182 et
969 1156 1173 1191 sempiternam
1192 1155 1428 1184 benedictionem.
1445 1162 1473 1182 et
1495 1155 1564 1191 ipsis

186 1204 270 1231 tidem
290 1204 425 1232 adhibere
439 1204 587 1231 indubiam
608 1205 691 1232 viam.
733 1205 854 1233 Noverit
876 1205 1047 1232 universitas
1062 1210 1164 1235 vestra,
1182 1205 1307 1240 qualiter
1322 1204 1498 1232 honorabilis
1518 1206 1564 1232 vir

188 1253 350 1290 Stephanus
373 1254 499 1291 Lynche,
522 1255 732 1291 primogenitus
754 1260 783 1282 et
806 1255 888 1283 heres
908 1255 1052 1282 Dominici
1070 1254 1187 1292 Lynche
1210 1255 1244 1281 de
1263 1254 1363 1282 Galvia
1387 1254 1563 1287 mercatoris,

187 1312 280 1330 coram
289 1303 371 1330 nobis
382 1303 532 1331 humiliter
541 1305 701 1340 comparuit
713 1305 795 1331 nobis
806 1314 872 1331 cum
884 1305 989 1332 nostris
1001 1305 1127 1341 prelatis,
1138 1305 1321 1341 regularibus
1335 1311 1363 1332 et
1375 1305 1562 1337 secularibus,

187 1358 272 1388 atquc
286 1352 483 1379 difinitoribus
495 1353 525 1379 in
539 1359 636 1380 nostro
648 1354 817 1390 provinciali
832 1355 950 1381 consilio
966 1355 1142 1383 constitutis,
1157 1355 1256 1382 Galvie
1271 1355 1414 1382 celebrato
1426 1355 1509 1381 xxvii
1520 1355 1565 1382 die

187 1400 290 1427 mensis
300 1400 408 1431 Marcii,
422 1401 508 1426 Anno
516 1401 631 1427 Domini
644 1402 689 1428 Mo
698 1402 740 1428 D0
748 1402 847 1433 xxiii0‚
860 1407 887 1429 et
898 1407 1103 1430 testamentum
1113 1403 1251 1430 ultimum
1263 1403 1307 1430 sui
1319 1403 1410 1440 patris
1421 1403 1565 1431 Dominici

188 1448 312 1486 Lynche,
328 1458 422 1476 coram
437 1449 518 1475 nobis
533 1449 678 1482 exhibuit,
694 1455 723 1477 et
737 1450 771 1477 de
786 1451 874 1477 verbo
889 1450 923 1477 ad
946 1452 1067 1478 verbum
1087 1451 1144 1487 legi
1165 1452 1340 1488 procuravit,
1358 1462 1415 1488 quo
1430 1452 1563 1488 prelecto,

188 1498 282 1534 ipsum
297 1503 501 1525 testamentum
516 1498 550 1525 ad
566 1508 666 1526 manus
685 1505 796 1527 nostras
816 1500 950 1532 reddidit,
967 1511 997 1527 ac
1013 1501 1108 1537 ipsum
1126 1501 1297 1538 accepimus,
1313 1502 1466 1538 ipsumque
1479 1508 1564 1529 testa-

187 1552 316 1574 mentum
331 1547 493 1574 invenimus
507 1557 572 1574 cum
588 1549 800 1585 subscripcione
815 1549 994 1577 diversorum
1009 1551 1261 1587 infrascriptorum
1277 1551 1403 1580 testium,
1420 1558 1447 1578 et
1463 1561 1564 1588 appro-

188 1597 288 1623 batum
309 1605 359 1632 per
379 1596 549 1632 magistrum
572 1596 709 1624 Thomam
731 1598 771 1624 Me
784 1598 899 1635 Seonyn
921 1604 949 1626 et
968 1599 1117 1626 dominum
1136 1599 1273 1626 Thomam
1293 1600 1418 1636 Molgau,
1435 1601 1564 1628 commis-

188 1645 323 1672 sionarios
334 1645 516 1672 ecclesiarum
524 1646 691 1673 Tuamensis
702 1651 731 1674 et
742 1647 978 1675 Enachdunensis
988 1648 1151 1683 diocesium,
1160 1649 1224 1676 sede
1232 1654 1357 1680 vacante,
1368 1654 1397 1676 et
1408 1650 1565 1686 sigillatum

188 1694 281 1731 sigillo
296 1694 416 1730 capituli
430 1694 545 1722 ecclesie
561 1696 737 1729 hamensis,
753 1696 868 1724 demum
889 1706 940 1734 per
960 1698 1082 1725 eundem
1098 1697 1277 1734 Stephanum
1300 1698 1408 1725 fuimus
1422 1699 1564 1734 requisiti,

189 1748 330 1780 quatenus
344 1748 547 1771 testamentum
563 1744 638 1771 idem
653 1754 703 1772 seu
717 1766 723 1772 .
744 1766 750 1772 .
774 1767 779 1772 .
801 1767 807 1773 .
823 1746 1000 1773 authoritate
1015 1747 1126 1773 consilii
1140 1747 1323 1783 provincialis
1338 1747 1457 1783 ejusque
1472 1747 1566 1775 difini-

188 1798 285 1820 torum
299 1796 328 1819 et
342 1792 568 1819 consiliariorum
583 1793 690 1820 iterum
705 1795 968 1830 reapprobammus,
984 1801 1013 1822 et
1030 1795 1121 1831 hujus
1136 1795 1301 1823 testamenti
1315 1796 1406 1822 robur
1420 1796 1566 1824 firmitatis

187 1851 237 1877 per
251 1845 377 1868 nostram
392 1840 612 1867 declaracionem
627 1842 880 1870 accomodaremus.
915 1843 974 1870 Nos
990 1843 1128 1870 antedicti
1143 1843 1373 1880 archiepiscopus
1387 1850 1414 1871 et
1431 1845 1563 1882 episcopi,

188 1891 222 1918 de
237 1891 353 1917 consilio
367 1895 531 1917 nostrorum
545 1891 724 1919 diffinitorum
739 1897 767 1920 et
782 1893 903 1920 aliorum
919 1893 1155 1925 consiliariorum,
1168 1893 1250 1928 juste
1264 1893 1399 1929 peticioni
1421 1899 1450 1921 ct
1469 1895 1564 1930 requi-

189 1940 287 1967 sicioni
309 1939 379 1966 dicti
395 1939 539 1976 Stephano
560 1946 725 1974 annuentes,
747 1942 919 1970 auctoritate
938 1948 967 1970 et
988 1943 1106 1970 consilio
1127 1943 1220 1970 tocius
1240 1944 1423 1979 provincialis
1444 1945 1564 1978 consilii,

188 1989 350 2026 predictum
365 1993 568 2016 testamentum
583 1990 803 2025 approbavimus
817 1996 845 2017 et
860 1992 1058 2027 approbamus,
1072 1996 1100 2018 et
1115 1992 1306 2027 approbatum
1321 1991 1505 2024 declaramus,
1520 2003 1565 2020 ro-

188 2041 245 2067 bur
258 2038 404 2066 firmitatis
418 2038 494 2065 dicto
508 2043 679 2066 testamento
693 2039 946 2066 accommodando:
962 2040 1047 2076 cujus
1062 2041 1235 2072 testamenti,
1252 2041 1312 2067 sine
1327 2041 1522 2070 diminucione
1537 2048 1566 2070 et

186 2087 429 2125 augmentacione,
446 2086 480 2114 de
493 2088 581 2114 verbo
595 2087 630 2114 ad
644 2088 765 2114 verbum
780 2093 862 2115 tenor
877 2089 1019 2124 sequitur.
1061 2089 1099 2116 Et
1114 2094 1156 2116 cst
1172 2089 1244 2116 talis.

247 2138 309 2164 “Iu
330 2137 385 2164 Dei
404 2136 518 2164 nomine
538 2137 643 2163 Amen.
683 2136 744 2172 Ego
769 2136 936 2164 Dominicus
960 2136 1084 2174 Lynchc,
1112 2142 1253 2165 mereator
1273 2142 1302 2165 et
1325 2139 1477 2176 burgensis
1497 2139 1566 2167 ville

1454 2189 1562 2220 Galvie,
