1731 2524
199 242 216 273 8
224 252 241 274 2
543 240 709 288 Pecliffl'ee
727 240 899 289 [J'Doctor
911 241 1080 277 Domniclc
1097 240 1129 276 L
1132 242 1226 289 ynclz.

373 336 390 349 “
402 333 639 360 Procuratorium
652 334 788 370 Stephani
804 333 912 372 Lynch,
926 344 941 361 a
958 334 1057 361 Priore
1069 334 1226 371 Hospitalis
1246 335 1280 362 de
1295 335 1468 373 Kilmaynan
1487 336 1575 372 juxta

430 382 612 415 Dublinium,
626 383 660 409 ad
675 383 846 419 colligendos
860 383 922 419 ejus
937 383 1067 411 redditus
1082 384 1110 410 in
1124 385 1253 419 Conacia,
1268 385 1305 412 A.
1317 386 1351 412 D.
1366 394 1446 422 1529.

257 432 273 445 “
286 430 320 457 In
335 430 389 457 Dei
400 431 512 457 nomine
524 431 631 457 Amen:
653 440 703 467 per
714 440 828 467 presens
842 431 992 467 publicum
1007 432 1233 459 instrumentum
1245 433 1356 460 cunctis
1370 433 1516 461 evidenter
1526 443 1575 470 ap-

196 486 293 516 pareat
307 485 336 507 et
350 481 387 507 sit
402 486 503 507 notum
518 481 595 516 quod
615 491 689 507 anno
709 481 743 507 ab
760 481 958 508 lucar-nacione
974 481 1089 508 Domini
1113 482 1263 509 millesimo
1288 483 1514 519 quingentesimo
1532 483 1574 510 vi-

195 531 297 557 cesimo
312 540 393 563 nono,
407 530 562 557 indiccione
573 531 664 566 prima
674 530 858 566 pontificatus
873 530 1044 556 sanctissimi
1058 530 1087 556 in
1100 529 1215 557 Christo
1224 531 1314 567 patris
1323 536 1352 558 et
1363 531 1470 558 domini
1484 532 1575 558 nostri

196 580 303 607 domini
319 580 472 608 Clementis
487 580 575 615 hujus
590 580 711 607 nominis
728 580 805 616 Pape
826 580 947 616 septimi,
968 590 1041 607 anno
1063 585 1152 612 sexto,
1177 581 1280 608 mensis
1305 581 1420 617 quidem
1435 581 1509 608 Julii
1529 581 1574 608 die

196 629 268 661 xxii,
294 629 323 655 in
340 638 441 664 magna
463 638 572 655 camera
596 628 724 665 capitalis
743 628 844 655 domus
865 628 903 664 de¹
920 628 1103 666 Kylmaynan
1119 628 1209 664 juxta
1223 628 1405 662 Dublinium,
1427 629 1574 666 hospitalis

197 678 285 705 sancti
301 678 439 705 ι101111111115
454 678 613 705 ,Jerusalem
627 678 656 704 in
672 678 819 711 Hibernia,
840 678 869 704 in
892 678 947 705 mei
969 678 1073 705 notarii
1094 678 1203 714 publici
1225 678 1392 714 subsignati,
1414 684 1443 706 et
1456 679 1575 706 testium

195 728 442 764 infrascriptorum
465 728 616 764 presencia,
640 727 825 764 personaliter
855 727 1040 759 constitutus,
1064 726 1242 754 venerandus
1272 727 1420 764 religiosus
1442 728 1574 756 dominus

197 778 341 805 ,lohannes
361 778 481 805 Rawson
502 777 590 810 miles,
613 778 691 813 prior
714 777 783 804 dicti
806 777 962 813 hospitalis,
986 777 1153 803 melioribus
1172 777 1224 810 Via,
1249 777 1339 809 mod0,
1361 777 1428 813 jure
1442 782 1470 805 et
1484 778 1574 805 forma

197 828 302 863 quibus
316 827 412 863 potuit
427 837 476 854 seu
491 827 598 857 debuit,
615 827 752 853 dilectum
764 827 818 854 sibi
829 828 859 854 in
870 827 985 854 Christo
1000 827 1182 863 spectabilem
1196 827 1292 853 virum
1308 827 1485 864 Stephanum
1497 828 1574 854 Fitz-

197 876 292 902 ‚lanies
308 874 418 911 Lync-h,
435 879 618 901 mercatorem
641 874 675 900 de
690 874 799 907 Galvia,
821 884 907 901 suum
921 884 1030 907 verum,
1055 874 1216 911 legitimum
1238 879 1267 902 et
1289 875 1486 903 indubitatum
1508 886 1573 913 pro—

196 929 363 955 curatorem,
379 929 509 955 actorem,
526 924 669 956 factorem,
694 925 934 961 negociorumque
959 934 1076 951 suorum
1099 930 1247 961 gestorem,
1274 930 1302 953 et
1324 926 1461 953 nuncium
1487 927 1573 963 speci-

195 973 266 999 alem
281 972 354 1004 fecit,
370 972 520 999 constituit
535 976 563 998 et
577 972 728 1005 ordinavit,
744 973 836 999 solum
851 978 879 999 et
893 973 1056 1005 insolidum,
1067 973 1107 1000 ita
1122 973 1198 1009 quod
1212 984 1268 1000 non
1284 974 1321 1001 sit
1335 974 1433 1001 melior
1447 975 1574 1002 condicio

195 1022 366 1058 occupantis.
408 1021 551 1057 Deditque
565 1027 593 1048 et
608 1022 744 1048 concessit
758 1022 853 1049 dictus
867 1022 1044 1049 venerandus
1067 1022 1199 1049 dominus
1213 1023 1389 1050 constituens
1404 1022 1494 1050 eidem
1508 1033 1573 1059 pro-

194 1071 320 1098 curatori
335 1081 385 1098 suo
400 1075 569 1107 potestatem
583 1070 741 1106 generalem
764 1075 793 1097 01
814 1071 980 1098 mandatum
996 1071 1114 1107 speciale
1128 1071 1163 1098 ad
1177 1072 1335 1104 locandum,
1351 1073 1570 1106 arrendcmdmn,

194 1126 222 1147 et
237 1120 271 1146 ad
285 1120 394 1147 firmam
409 1121 467 1147 sive
481 1120 575 1146 firmas
591 1120 802 1153 dimittendum,
820 1121 880 1147 vice
894 1125 922 1147 et
936 1121 1049 1147 nomine
1074 1130 1132 1152 suo,
1154 1131 1185 1148 ac
1199 1121 1269 1148 dicti
1284 1121 1431 1157 hospitalis
1445 1122 1572 1158 personis

193 1170 227 1196 ad
249 1170 302 1197 hoc
323 1171 405 1207 aptis,
422 1180 601 1206 quecumque
623 1170 754 1203 dominia,
778 1175 877 1203 terras,
901 1175 1070 1203 tenenlcnta,
1096 1171 1226 1198 redditus
1249 1176 1277 1198 et
1300 1171 1424 1202 servicia,
1441 1171 1569 1205 decimas,

193 1219 349 1247 oblaciones
368 1225 396 1247 et
415 1220 550 1255 alteragia
565 1219 640 1246 dicto
654 1219 788 1256 hospitali
803 1229 853 1256 per
868 1225 957 1246 totam
968 1220 1137 1247 Connaciam
1153 1220 1391 1256 qualitercunque
1405 1220 1569 1256 spectantia,

193 1278 258 1295 cum
273 1269 405 1295 omnibus
420 1274 447 1296 et
463 1269 582 1305 singulis
599 1269 656 1295 suis
671 1269 864 1305 pertinenciis,
888 1274 915 1296 et
938 1269 1089 1306 presertim
1111 1269 1232 1296 decimas
1247 1269 1429 1296 ecclesiarum
1443 1269 1571 1306 parochi-

193 1319 279 1345 alium
295 1319 329 1345 de
344 1319 502 1356 Ballyclare
524 1324 551 1345 et
569 1319 603 1345 dc
619 1317 795 1356 Kyltarragh
812 1319 978 1345 Tuamensis
993 1318 1118 1351 diocesis,
1134 1319 1231 1345 villam
1246 1319 1280 1346 de
1295 1319 1316 1345 C
1320 1318 1471 1356 lomakany
1483 1319 1571 1355 juxta

192 1368 350 1405 Ballyclare
364 1369 527 1405 predictam,
552 1378 617 1395 011111
639 1369 771 1395 omnibus
795 1369 853 1395 suis
875 1369 1066 1405 pertinenciis,
1083 1369 1204 1396 decimas
1226 1369 1260 1396 de
1280 1368 1463 1406 Kenaleghen
1486 1370 1570 1397 Clon-

192 1417 321 1444 i'ertensis
343 1417 467 1449 diocesis,
491 1428 521 1444 110
544 1418 678 1454 capellani
698 1424 725 1445 et
750 1418 866 1445 domum
890 1418 986 1446 Sancti
1001 1418 1140 1445 ‚Iohannis
1155 1419 1284 1455 Baptiste
1299 1418 1332 1446 de
1347 1418 1568 1456 Ballyne-Robe‚

191 1475 256 1492 011111
272 1476 328 1493 una
343 1472 473 1494 carucata
488 1472 570 1498 terre,
587 1472 615 1494 et
630 1477 687 1494 11110
709 1468 869 1495 molendino
890 1468 995 1495 ibidem
1010 1478 1061 1505 pro
1076 1478 1201 1505 congrua
1223 1469 1281 1496 sive
1303 1470 1444 1506 congruis,
1461 1479 1570 1497 summa

191 1516 249 1542 sive
264 1517 381 1543 summis
404 1517 533 1544 redditus
548 1517 581 1544 ad
597 1518 709 1544 usuales
724 1523 751 1545 et
767 1523 915 1545 consuetos
932 1519 1068 1545 terminos
1084 1518 1148 1545 inde
1162 1518 1346 1551 reddendum,
1362 1519 1518 1551 annuatim,
1541 1525 1569 1546 et

190 1566 358 1602 hujusmodi
380 1569 510 1596 redditus
532 1575 560 1596 01
580 1571 722 1606 arreragia
744 1571 906 1600 eorundem,
923 1581 938 1597 11
952 1571 1036 1598 dictis
1051 1571 1183 1597 firmariis
1206 1576 1234 1598 et
1256 1581 1354 1598 eorum
1377 1571 1505 1606 quolibet
1520 1582 1568 1599 ex-

191 1616 334 1652 igendum,
359 1619 521 1655 petendum,
548 1620 708 1651 levandum,
733 1626 761 1648 ct
784 1621 986 1658 recipiendum,
1011 1631 1041 1648 ae
1064 1621 1098 1648 de
1120 1621 1240 1657 receptis
1265 1621 1486 1657 acquietanciani
1511 1622 1569 1649 sive

189 1666 396 1701 acquietancias
424 1667 638 1699 conficiendum,
668 1669 852 1705 sigillandum
880 1674 908 1697 et
936 1670 1161 1702 deliberandum,
1188 1671 1345 1698 intrusores
1374 1680 1569 1708 quoscumque

189 1714 278 1741 dictas
293 1714 420 1747 decimas,
438 1721 527 1743 terras
549 1717 607 1743 sive
629 1717 760 1747 dominia,
777 1727 825 1744 seu
851 1717 975 1754 aliquam
999 1718 1149 1754 pai-cellam
1171 1719 1334 1746 eorumdem
1349 1719 1488 1747 violenter
1511 1720 1569 1747 sive

189 1762 296 1797 injuste
310 1769 486 1800 occupantes,
504 1775 635 1801 processu
647 1766 731 1801 juris,
748 1776 795 1793 scu
819 1767 874 1793 alio
897 1767 980 1794 modo
995 1777 1167 1804 quocunque
1181 1768 1309 1804 legitimo
1331 1769 1524 1805 repellendum
1539 1775 1568 1797 et

189 1811 304 1846 penitus
318 1813 514 1844 amovendum,
531 1818 559 1841 et
584 1815 606 1841 si
628 1824 738 1842 necesse
760 1815 847 1842 fuerit
870 1816 996 1852 singulos
1020 1816 1158 1843 firmarios
1172 1827 1228 1844 non
1243 1817 1382 1845 solventes
1397 1828 1489 1845 coram
1505 1820 1567 1855 qui-

189 1860 367 1896 buscumque
383 1861 531 1896 judicibus
556 1862 763 1898 spiritualibus,
780 1863 824 1889 vel
840 1863 1015 1890 secularibus
1038 1864 1067 1890 in
1090 1864 1320 1900 quibuscumque
1334 1866 1421 1892 curiis
1436 1867 1566 1894 eonveni-

188 1910 301 1943 endum,
321 1910 548 1947 implieitandum
573 1917 601 1938 et
622 1912 859 1948 prosequendum,
885 1922 1023 1939 summam
1042 1913 1086 1939 vel
1109 1923 1232 1939 summas
1260 1914 1327 1940 ferri
1355 1914 1510 1950 petendum
1538 1920 1566 1942 et

188 1958 370 1989 audiendum,
383 1959 509 1994 judicem
525 1959 583 1986 sive
594 1959 704 1994 judices
719 1959 881 1995 eligendum
895 1960 939 1986 vel
962 1960 1158 1991 recusandum,
1175 1960 1275 1987 damna
1296 1971 1409 1997 quoque
1431 1967 1459 1989 et
1477 1963 1565 1990 inter-

188 2018 246 2035 esse
260 2009 414 2045 petendum
430 2014 458 2036 et
474 2009 698 2045 recuperandum
713 2009 883 2045 provocandi
906 2014 934 2036 ct
956 2010 1164 2046 appellandum,
1180 2011 1390 2047 Apostolosque
1409 2012 1564 2048 petendum

188 2062 216 2083 et
231 2057 423 2094 recipiendum
438 2058 652 2094 provocaciones
667 2062 695 2084 et
710 2058 910 2094 appellationes
925 2059 1128 2086 notificandum
1154 2064 1182 2086 et
1204 2060 1403 2093 intimandum,
1424 2066 1452 2088 et
1466 2071 1563 2089 earum

187 2116 284 2133 causas
308 2107 544 2143 prosequendum,
560 2107 647 2133 11111111]
662 2107 706 2133 vel
726 2107 794 2134 alios
817 2112 1029 2143 procuratorem
1051 2108 1094 2135 vel
1118 2114 1314 2144 procuratores
1329 2110 1563 2138 substituendum

186 2162 214 2183 ot
229 2157 451 2189 destituendum,
467 2156 716 2193 procuratorisque
735 2156 859 2183 officium
881 2157 909 2183 in
934 2165 961 2184 se
982 2157 1223 2190 reassumendum,
1243 2158 1376 2194 quociens
1401 2163 1430 2186 et
1450 2160 1563 2196 quando

1507 2209 1561 2236 sibi
