1731 2524
495 225 662 273 Pediqr·ee
679 225 720 272 os
731 224 858 261 Doctor
877 224 1047 261 Domniclt·
1066 225 1200 273 Lynelt.
1498 239 1516 274 7
1523 240 1542 274 5

161 316 264 344 Sancte
277 316 424 353 Kateryne
437 314 538 342 devote
552 313 730 346 celebrando,
743 318 772 341 et
787 323 843 341 non
858 314 887 341 in
903 313 958 341 alio
969 323 1143 350 quocunque
1156 314 1254 341 altari:
1270 315 1433 351 predictum
1448 321 1544 344 autem

160 365 312 401 collegium
327 364 435 396 cibum,
451 368 553 400 potum
575 372 606 390 ac
627 372 766 390 cameram
781 372 834 399 pro
854 363 945 400 ipsius
961 362 1116 390 sacerdotis
1131 368 1226 396 cantu,
1243 368 1272 391 et
1286 363 1366 391 chori
1385 366 1544 393 retentione

157 415 262 443 cotidie
273 413 426 452 prestando
440 418 469 441 et
484 413 612 446 honeste,
625 417 713 449 prout
724 412 813 446 deeet,
827 413 1022 446 attribuendo,
1036 413 1082 449 cuj
1088 423 1122 440 us
1133 413 1249 450 quidem
1262 414 1415 442 sacerdotis
1426 421 1544 452 propter

157 465 203 491 sui
224 463 326 490 merita
341 467 369 490 et
384 461 524 489 demerita
544 461 759 488 institutionem
774 466 803 489 et
824 461 1051 494 destitutionem,
1070 471 1102 489 ac
1122 467 1188 499 post
1207 463 1253 489 sui
1269 467 1400 496 mortem,
1423 463 1543 491 alterius

155 512 307 541 sacerdotis
318 512 347 539 in
359 511 450 548 ipsius
462 510 557 538 locum
569 514 598 537 et
608 509 700 537 vicem
712 510 934 543 institutionem,
945 519 976 537 ac
988 510 1033 537 sui
1048 510 1136 537 eciam
1148 510 1368 538 destitutionem
1382 521 1433 548 ego
1446 511 1541 539 dictus

153 563 267 594 Petrus,
284 571 334 598 per
348 565 502 598 presentes,
518 560 582 596 lego
601 564 629 587 et
645 559 777 596 relinquo
792 560 905 596 Majori,
923 560 1043 587 Ballivis
1064 564 1093 587 et
1108 559 1263 587 eorundem
1278 560 1360 587 bonis
1374 560 1493 597 paribus
1513 566 1541 588 et

153 610 330 642 consiliariis,
347 609 475 645 ejusdem
489 609 559 636 ville
573 608 608 636 de
623 608 734 646 Galwy,
751 609 801 645 qui
816 618 868 646 pro
884 612 1012 645 tempore
1029 608 1148 641 fuerint,
1165 608 1389 645 imperpetuum,
1406 619 1456 646 per
1476 619 1538 646 pre-

151 666 254 689 sentes.
308 661 346 687 Et
372 660 395 687 si
417 659 566 696 contingat
587 658 664 695 quod
690 659 814 692 fruetus,
838 659 969 686 redditus
990 663 1019 686 et
1043 663 1202 695 proventus
1228 659 1433 695 premissorum
1461 664 1539 686 tene-

151 715 315 738 mentorum
337 714 366 737 et
387 714 540 741 terrarum,
556 708 697 736 excedent
716 708 885 736 rationabile
900 708 1085 745 stipendium,
1102 718 1133 735 ac
1152 708 1369 736 convenientem
1391 708 1538 736 honestam

150 759 390 787 sustentationem
411 758 483 785 dieti
498 757 646 785 servitoris
661 767 712 784 seu
734 757 887 785 sacerdotis
908 757 1040 794 predicti,
1057 757 1130 791 volo,
1147 767 1198 794 per
1218 762 1374 794 presentes,
1391 763 1419 784 et
1437 757 1537 785 ordino

150 809 227 845 quod
249 808 387 845 quicquid
407 807 550 845 supererit
571 807 753 844 expendatur
772 817 859 844 super
880 808 1059 844 reparatione
1079 808 1208 844 ejusdem
1229 809 1329 836 altaris
1344 814 1372 836 et
1387 819 1443 836 non
1459 809 1535 836 alibi.

151 859 196 885 lta
210 864 304 885 tamen
319 863 347 885 et
362 867 449 894 super
463 857 565 890 onmia,
582 856 659 893 quod
675 862 740 893 post
754 862 876 884 mortem
895 867 995 890 meam,
1012 858 1107 884 omnia
1121 862 1150 885 et
1170 858 1284 895 singula
1302 858 1447 895 premissa,
1469 868 1535 886 011111

150 908 210 935 suis
224 908 370 935 fructibus
385 913 414 935 et
433 907 656 935 obventionibus
670 906 789 934 habebit
809 912 837 934 et
852 907 1009 944 possidebit
1023 917 1074 944 pre
1094 907 1139 935 sui
1154 908 1367 936 sustentacione
1381 913 1409 936 et
1428 907 1535 936 honore

150 956 277 993 predicta
299 956 389 983 Elena
404 956 493 983 Blake
508 965 583 983 uxor
598 965 667 988 mea,
684 955 807 983 durante
829 956 889 983 vita
904 966 955 983 sua.
976 956 1115 992 quamdiu
1137 962 1201 993 post
1216 958 1272 985 mei
1292 963 1414 986 mortem
1435 968 1533 996 super-

148 1007 264 1034 vixerit.
308 1007 446 1033 Deeetero
461 1016 528 1033 vero
542 1006 653 1033 dictum
668 1006 757 1034 altare
772 1011 801 1033 et
816 1016 886 1033 suus
901 1007 1031 1039 servitor,
1048 1007 1099 1043 qui
1120 1016 1172 1043 pro
1187 1011 1324 1044 tempore,
1342 1013 1370 1035 et
1387 1017 1457 1035 suus
1477 1018 1533 1036 ser-

146 1057 223 1083 vitor
235 1066 284 1084 seu
297 1056 426 1083 sacerdos
440 1056 588 1093 predictus
600 1056 650 1092 qui
662 1066 714 1093 pro
726 1062 854 1093 tempore
866 1057 963 1089 fuerit,
975 1057 1070 1084 omnia
1079 1061 1107 1084 et
1117 1057 1231 1093 singula
1242 1058 1387 1094 premissa,
1399 1057 1532 1084 omnibus

145 1107 228 1134 modo
238 1112 266 1134 et
278 1107 367 1133 fornia
379 1106 486 1142 quibus
501 1115 596 1142 supra,
613 1106 711 1139 1111010,
723 1106 831 1142 quiete,
843 1107 914 1134 bene
929 1112 958 1134 et
972 1107 1002 1134 111
1014 1117 1081 1143 paee
1095 1107 1319 1144 imperpetuum,
1333 1109 1530 1145 possidebunt.

146 1157 179 1183 In
195 1156 279 1183 fidem
291 1165 358 1183 vero
369 1161 398 1183 et
412 1155 611 1182 testimonium
624 1155 752 1182 omnium
764 1160 792 1182 et
803 1155 985 1191 singulorum
999 1155 1214 1192 premissorum,
1228 1156 1446 1193 infrascriptum
1457 1158 1531 1194 pub-

144 1206 233 1232 licum
249 1205 394 1232 notarium
409 1204 574 1241 premissam
595 1213 687 1230 meam
708 1203 890 1231 donationem
912 1209 1090 1241 perpetuam,
1107 1210 1135 1232 et
1150 1205 1279 1242 legatum
1299 1215 1395 1234 meum
1410 1207 1530 1243 speciale

144 1256 173 1282 in
189 1254 261 1281 hanc
275 1254 421 1291 publicam
436 1254 556 1280 formam
571 1253 701 1289 redigere
716 1253 779 1285 feci,
795 1257 824 1280 et
839 1253 967 1289 sigillum
982 1263 1078 1281 meum
1093 1255 1277 1291 presentibus
1291 1256 1420 1292 apposui.
1463 1256 1528 1284 Hiis

142 1304 267 1331 testibus
281 1302 473 1340 presentibus,
489 1302 543 1329 viz.
556 1301 687 1329 ,Iohanne
702 1301 818 1339 Skyret,
830 1301 963 1329 Jolianne
973 1301 1055 1340 Athy
1065 1302 1126 1340 fytz
1141 1302 1298 1336 Edmundi,
1315 1304 1441 1331 Patricio
1457 1305 1528 1332 Caer

143 1352 281 1389 burgensi
291 1352 419 1388 ejusdem
432 1351 507 1385 ville,
519 1356 547 1378 et
562 1350 663 1378 multis
677 1351 748 1378 aliis.
786 1351 895 1378 Datum
910 1351 987 1388 apud
998 1351 1099 1389 Galwy
1109 1362 1183 1379 nono
1195 1353 1240 1380 die
1251 1353 1356 1380 mensis
1367 1353 1528 1387 Februarii,

142 1403 230 1430 Anno
246 1402 361 1429 Domini
376 1401 528 1428 millesimo
544 1401 596 1428 iiii⁰
612 1401 792 1438 nonagesimo
807 1406 919 1437 quarto.

317 1461 385 1488 “Et
405 1471 457 1497 ego
478 1470 546 1488 vero
570 1461 734 1488 Willelmus
760 1461 875 1498 Molgan
897 1461 1018 1489 clericus
1039 1462 1276 1490 Enaehdunensis
1300 1462 1428 1496 diocesis,
1451 1464 1526 1500 pub-

376 1510 450 1537 110113
469 1510 642 1537 auctoritate
665 1510 816 1546 imperiali,
833 1510 972 1543 notarius,
990 1511 1059 1546 quia
1081 1520 1147 1538 cum
1167 1512 1261 1539 omnia
1282 1516 1311 1539 et
1333 1512 1447 1549 singula
1462 1522 1525 1549 pre-

374 1561 457 1587 missa
477 1560 516 1587 sic
538 1565 572 1587 ut
594 1560 776 1596 premittitur
798 1569 848 1596 per
871 1560 982 1587 dictum
998 1561 1119 1588 Petrum
1134 1561 1253 1599 Lynche
1270 1566 1433 1598 agerentur,
1450 1563 1524 1590 dice-

374 1615 476 1637 rentur
505 1615 533 1637 et
561 1610 671 1641 fierent,
696 1619 752 1637 una
773 1619 838 1637 011111
860 1610 1066 1647 prenominatis
1088 1611 1212 1638 testibus
1233 1616 1261 1638 et
1291 1611 1354 1638 allis
1375 1612 1523 1639 nonnullis

373 1670 489 1697 presens·
510 1659 545 1686 ad
566 1659 618 1687 hoc
641 1660 799 1696 requisitus
820 1665 848 1687 et
864 1665 981 1697 rogatus
1003 1661 1132 1694 interfui,
1149 1671 1238 1698 eaque
1250 1662 1346 1689 omnia
1360 1666 1389 1689 et
1409 1663 1523 1699 singula

374 1708 413 1735 sic
428 1708 488 1734 fieri
505 1707 564 1734 vidi
580 1712 608 1735 et
623 1707 729 1734 audivi.
774 1708 897 1744 Ideoque
909 1709 996 1744 jussu
1011 1713 1039 1737 et
1054 1714 1158 1746 rogatu
1173 1710 1244 1738 dicti
1260 1711 1350 1744 Petri,
1366 1721 1448 1743 anno,
1466 1712 1519 1744 die,

374 1767 468 1784 mense
483 1762 511 1784 ot
527 1757 587 1784 1000
603 1758 710 1793 quibus
726 1767 822 1794 supra,
839 1758 997 1786 indiccione
1011 1769 1079 1787 vero
1094 1759 1147 1786 xiii
1164 1760 1350 1796 pontificatus
1363 1761 1523 1789 Alexandri

373 1807 451 1843 Papo.
472 1807 546 1833 sexti
567 1816 640 1833 anno
663 1807 794 1839 secundo,
812 1807 841 1834 iu
862 1807 934 1834 hanc
956 1808 1100 1844 publicam
1122 1809 1242 1836 formam
1265 1809 1390 1847 reddegi.
1433 1810 1521 1847 Signo

372 1861 399 1883 et
416 1856 530 1883 nomine
541 1856 610 1883 meis
622 1856 715 1883 solitis
726 1862 754 1884 et
764 1857 908 1884 consuetis
923 1857 1032 1893 signavi
1045 1863 1162 1894 rogatus
1177 1863 1207 1885 et
1218 1859 1384 1895 requisitus,
1396 1860 1423 1886 in
1436 1859 1518 1887 fidem

372 1910 401 1932 et
416 1905 614 1933 testimonium
629 1906 758 1933 omnium
773 1912 801 1933 et
817 1906 997 1943 singulorum
1012 1907 1246 1943 pre1nissorum.”

199 1998 258 2026 The
273 1998 419 2034 following
434 2002 638 2036 testamentary
650 1998 821 2034 disposition
830 1997 863 2025 of
874 1997 1027 2025 Dominick
1041 1997 1150 2035 Lyuch,
1163 1998 1247 2026 dated
1263 1999 1329 2025 lzth
1342 1999 1423 2036 July,
1435 2000 1470 2026 A.
1482 2000 1516 2027 l).

144 2048 225 2084 1508,
241 2047 291 2074 hus
305 2048 376 2074 boen
392 2048 570 2075 transcribed
585 2048 658 2075 from
675 2048 725 2076 the
740 2048 805 2076 Roll
819 2048 852 2075 os
863 2048 990 2079 Patents,
1009 2056 1053 2084 25,
1072 2048 1116 2081 26,
1134 2057 1179 2084 27,
1197 2049 1299 2086 Henry
1316 2049 1407 2080 VIII„
1427 2050 1515 2077 Rolls'

137 2097 235 2130 011100,
252 2096 371 2127 Dublin,
387 2096 426 2134 by
439 2096 487 2124 the
501 2097 572 2125 kind
588 2098 756 2134 permission
771 2099 804 2125 os
815 2098 925 2135 Georgo
942 2097 1085 2131 IIatehell,
1103 2099 1169 2135 Esq.
1212 2099 1271 2125 But
1288 2098 1336 2125 the
1355 2099 1515 2128 enrolnient

135 2145 185 2172 has
203 2146 272 2172 been
294 2145 443 2183 carelessly
460 2146 547 2174 made.
591 2148 615 2174 It
639 2148 661 2174 is·
681 2148 708 2175 in
728 2158 804 2175 301110
826 2148 918 2184 places
940 2147 1104 2185 manifestly
1120 2148 1268 2181 incorrect,
1290 2147 1344 2175 and
1366 2147 1395 2174 111
1418 2148 1515 2176 others

804 2196 826 2222 L
841 2204 854 2222 2
1378 2195 1519 2233 illegible.
