1731 2524
194 251 239 286 74
544 240 703 288 Peclfffl‘ee
717 241 763 288 qf
771 240 900 276 Doctor
915 240 1089 277 Domniclc
1106 240 1136 276 L
1139 242 1235 290 ynch.

804 406 820 415 ‘⁸
833 402 854 428 Ι.
872 402 907 428 H.
924 402 951 429 S.

255 468 271 477 ‘⁵
284 463 431 489 Universis
447 461 555 489 Christi
570 461 711 493 fidelibus,
723 461 756 488 ad
772 471 843 497 quos
858 467 1003 497 presentes
1018 462 1101 489 litere
1117 464 1310 499 pervenerint,
1322 465 1427 492 Petrus
1438 465 1565 502 Lynche,

196 512 346 548 burgensis
368 512 435 539 ville
457 511 491 539 dc
516 512 617 548 Galwy
639 511 668 538 in
692 511 841 543 Hibernia,
858 511 979 539 salutem
1004 512 1033 538 in
1052 513 1175 540 Domino
1196 515 1405 550 sempiternam.
1448 516 1569 543 Noverit

195 558 367 585 universitas
382 562 484 586 vestra,
501 567 544 584 me
556 557 701 593 prefatum
714 557 842 587 Petrum,
854 557 889 583 ob
904 557 1040 584 honorem
1056 558 1117 591 Dei,
1135 558 1239 586 Sancto
1255 560 1392 587 Katerine
1406 561 1526 597 virginis
1542 567 1570 588 et

195 609 338 646 martyris,
355 618 385 635 ac
400 612 495 635 sancte
503 608 603 634 matris
618 607 741 638 ecclesie,
754 608 909 643 cultusque
923 608 1012 635 divini
1025 614 1221 645 augmentum,
1238 610 1356 639 dedisse,
1368 612 1530 642 concesisse.
1542 618 1571 639 et

194 667 244 694 per
258 662 403 694 presentes
418 657 631 693 imperpetuum
655 655 786 691 quietum
803 655 908 691 legasse
931 660 959 682 et
982 655 1159 692 pardonasse,
1175 658 1259 684 altari
1285 663 1313 685 et
1336 660 1442 695 capelle
1468 660 1571 687 Sancte

196 707 333 734 Katerine
354 706 481 742 virginis,
498 705 573 741 quod
589 705 704 741 quidem
719 705 808 731 altare
831 709 859 731 ct
879 705 1014 740 capellam
1030 706 1167 732 fabricavi
1189 712 1217 733 et
1233 709 1391 738 construxi,
1412 719 1462 743 ego
1477 709 1572 736 dictus

195 756 300 782 Petrus
314 755 343 781 in
355 755 470 782 ecclesia
481 754 629 790 collegiata
640 753 737 780 Sancti
748 753 858 779 Nicolai
868 753 892 788 ej
898 753 996 780 usdem
1006 753 1074 780 ville
1089 754 1123 780 de
1135 754 1244 791 Galwy,
1257 762 1424 792 perpetuam
1440 757 1572 785 videlicet

195 805 433 832 sustentacionem
448 803 534 830 unius
549 803 616 830 boni
625 808 654 830 et
662 802 765 840 ydonei
781 802 942 832 sacerdotis,
954 803 1003 838 qui
1013 803 1148 830 continue
1163 804 1307 832 celebrare
1318 810 1346 832 et
1359 815 1457 841 rogare
1469 806 1571 833 habeat

193 858 222 880 et
243 858 374 880 teneatur
395 853 567 879 incessanter
589 851 701 883 cotidie,
717 852 746 878 in
772 851 867 878 eodem
889 851 973 878 altari
988 857 1016 878 et
1038 852 1152 888 capella,
1170 862 1221 888 pro
1244 854 1337 880 anima
1352 863 1412 881 mea
1435 865 1465 882 ac
1482 856 1569 882 Elene

194 902 283 929 Blake.
310 902 409 929 uxoris
430 911 490 928 mee
512 905 575 937 post
596 905 716 927 mortem
738 905 872 931 nostram,
896 910 926 927 ac
956 901 1106 927 animabus
1128 906 1341 928 antecessorum
1363 908 1391 929 et
1412 904 1569 930 amicorum

195 957 365 982 nostrorum,
382 960 490 977 necnon
505 955 533 977 et
548 950 676 977 omnium
691 950 819 976 fidelium
835 949 1048 980 defunctorum,
1065 950 1182 983 dedisse,
1199 957 1233 977 ut
1255 952 1444 987 premittitur,
1463 958 1490 979 ct
1506 963 1571 979 con-

194 1001 315 1032 cessisse,
331 1001 384 1026 viz.
400 1004 595 1026 tenementum
614 1008 708 1026 meum
724 999 880 1034 principale
898 999 1050 1034 lapideum,
1067 999 1143 1035 quod
1166 1001 1221 1027 emi
1241 1001 1407 1037 sumptibus
1422 1002 1490 1028 meis
1505 1011 1570 1038 pro-

195 1051 264 1087 priis
284 1056 312 1077 et
326 1050 456 1086 expensis
471 1049 617 1086 acquisivi,
635 1059 666 1076 ac
681 1059 772 1076 unum
788 1049 867 1076 aliud
882 1054 1077 1076 tenementum
1093 1050 1169 1085 quod
1186 1050 1316 1077 cituatur
1336 1060 1371 1077 ex
1386 1056 1467 1087 parte
1478 1051 1570 1078 orien-

196 1101 246 1127 tali
260 1100 381 1136 predicti
391 1099 445 1126 moi
458 1099 622 1135 principalis
633 1099 795 1129 tenementi,
807 1098 884 1134 quod
900 1098 1013 1134 quidem
1026 1099 1080 1126 emi
1096 1109 1111 1125 a
1121 1099 1253 1136 VVadyno
1266 1099 1355 1126 sslake
1370 1105 1397 1126 ct
1409 1099 1571 1133 Μαι-μῆτραι

196 1149 303 1186 Skyret
322 1158 372 1175 sua
387 1157 485 1179 uxore,
502 1152 588 1183 prout
603 1147 772 1174 seofamenta
787 1146 907 1182 desuper
923 1146 996 1173 facta
1016 1151 1178 1173 testantur:
1201 1157 1309 1173 necnon
1333 1153 1360 1174 et
1384 1147 1479 1174 decem
1495 1157 1572 1174 acras

195 1204 269 1225 terre
283 1198 396 1224 arabilis
410 1198 439 1224 in
456 1197 540 1224 terris
555 1197 588 1223 de
604 1196 748 1234 Athnary,
764 1206 833 1232 quas
849 1198 903 1223 emi
924 1207 939 1224 a
953 1198 1025 1224 bone
1040 1197 1174 1224 memorie
1191 1197 1300 1233 Rogero
1316 1197 1462 1228 VVorloke,
1481 1202 1567 1234 prout

194 1257 244 1284 per
258 1252 346 1274 metas
360 1252 389 1274 et
402 1247 513 1274 bundas
527 1247 712 1274 continentur
727 1247 755 1273 in
771 1247 858 1274 tercio
880 1247 946 1274 folio
961 1248 1015 1274 mei
1031 1247 1143 1284 antiqui
1166 1247 1240 1278 libri,
1255 1257 1286 1274 ac
1308 1252 1396 1284 prout
1418 1257 1467 1283 per
1482 1248 1566 1274 feofa-

192 1302 288 1324 menta
300 1296 421 1332 desuper
435 1296 508 1323 facta
523 1296 588 1323 sciri
602 1302 694 1332 potest
711 1307 718 1328 ς
739 1296 902 1323 habendum
917 1302 945 1323 et
960 1297 1116 1323 tenendum
1132 1297 1294 1333 predictum
1311 1297 1468 1332 principale
1484 1302 1562 1324 tene-

195 1350 323 1372 mentum
338 1354 403 1371 cum
421 1345 479 1371 suis
496 1345 686 1380 pertinenciis„
703 1344 835 1371 domibus
851 1345 917 1371 altis
932 1350 959 1371 et
975 1345 1159 1372 inferioribus
1175 1350 1260 1380 atque
1275 1345 1394 1374 oelariis.
1411 1355 1441 1372 ac
1457 1345 1566 1372 dictum

192 1394 269 1420 aliud
287 1398 481 1421 tenementum
501 1404 536 1420 cx
551 1400 631 1430 parte
646 1394 785 1424 orientali,
802 1399 836 1421 ut
851 1395 1041 1430 premittitur,
1058 1395 1201 1421 cituatum
1217 1404 1267 1431 per
1286 1395 1405 1430 longum
1429 1400 1457 1422 et
1473 1396 1563 1422 latum

192 1448 278 1479 prout
293 1452 320 1469 se
334 1442 465 1469 extendit
479 1452 484 1469 t
508 1453 614 1469 necnon
629 1448 657 1470 et
672 1443 812 1479 predictas
827 1443 921 1470 decem
937 1454 1013 1470 acras
1026 1449 1101 1471 turre
1115 1444 1239 1475 arabilis,
1253 1453 1318 1470 cum
1334 1444 1392 1471 suis
1409 1445 1562 1474 fructibus,

197 1492 358 1518 redditibus
373 1496 401 1518 et
414 1492 636 1518 obventionibus
651 1492 881 1528 quibuscunque,
898 1493 995 1525 libere,
1012 1493 1117 1529 quiete,
1135 1494 1205 1520 bene
1220 1498 1248 1519 et
1262 1493 1291 1519 in
1307 1502 1381 1529 pace,
1398 1494 1516 1529 prefatis
1531 1494 1569 1520 al-

197 1541 251 1567 tari
267 1545 295 1567 ct
309 1541 475 1577 presbitero,
490 1541 597 1568 scilicet
613 1541 702 1577 ipsius
717 1542 815 1568 altaris
827 1543 876 1578 qui
886 1552 937 1578 pro
950 1547 1076 1579 tempore
1087 1543 1176 1570 fucrit
1191 1543 1331 1573 servitori,
1346 1543 1567 1579 imperpetuum.

196 1592 238 1618 De
259 1590 427 1627 capitalibus
448 1590 569 1617 dominis
590 1595 818 1617 tenementorum
841 1596 868 1617 et
891 1595 1034 1617 terrarum
1057 1591 1270 1627 premissorum,
1294 1601 1343 1627 per
1365 1591 1483 1618 servicia
1503 1591 1569 1619 inde

196 1640 292 1666 debita
306 1644 334 1666 et
348 1639 382 1666 de
394 1639 461 1674 jure
475 1644 616 1665 consueta.
658 1639 831 1675 Interposita
842 1639 893 1665 tali
908 1639 1069 1666 conditione
1085 1644 1230 1675 perpetua,
1248 1639 1453 1666 inviolabiliter
1466 1640 1568 1676 imper-

197 1692 319 1724 petuum
333 1687 515 1719 observanda,
526 1687 578 1713 viz.
592 1687 669 1723 quod
678 1687 778 1714 nullus
788 1687 902 1713 omnino
912 1687 1062 1714 hominum
1076 1687 1277 1723 cujuscunque
1286 1687 1399 1723 gradus.
1417 1694 1508 1715 status
1521 1698 1570 1716 scu

197 1737 368 1764 conditionis
382 1736 478 1768 fuerit,
495 1737 630 1772 premissa
644 1741 806 1763 tenementa
821 1741 849 1762 et
864 1741 954 1763 terras
969 1736 1089 1763 arabiles
1101 1737 1259 1772 premissas,
1276 1737 1305 1763 in
1320 1736 1415 1772 aliqua
1431 1738 1474 1764 sui
1490 1743 1571 1773 parte

196 1787 240 1814 vel
255 1787 283 1813 in
298 1791 359 1813 toto
370 1786 499 1817 vendere,
516 1786 715 1822 impignorare,
733 1796 782 1813 seu
794 1786 916 1813 alienare
930 1787 1046 1822 poterit,
1063 1792 1114 1813 aut
1129 1786 1163 1813 ad
1179 1786 1290 1822 aliquos
1302 1786 1370 1813 alios
1382 1797 1569 1823 quoscunque

196 1845 274 1867 usus,
290 1840 472 1872 preterquam
487 1840 521 1862 ut
536 1835 733 1871 supradictum
748 1841 798 1866 est,
815 1835 930 1862 mittere
951 1841 1002 1862 aut
1023 1840 1188 1863 convertere
1211 1845 1246 1863 ex
1270 1841 1358 1871 parte,
1376 1837 1429 1863 vi7„
1445 1837 1569 1873 alicujus

197 1884 384 1912 ecclesiastice
398 1888 448 1910 aut
462 1884 597 1911 secularis
620 1885 777 1920 potestatis,
799 1884 877 1911 curie
902 1885 1103 1920 cujuscunque
1124 1894 1174 1911 seu
1195 1885 1308 1920 collegii
1333 1886 1493 1921 specialiter
1508 1896 1571 1922 pre-

197 1934 284 1966 missi,
300 1938 342 1961 set
356 1933 432 1969 quod
446 1943 555 1970 semper
578 1938 607 1961 et
620 1944 670 1970 per
685 1944 794 1970 semper
808 1935 977 1971 simpliciter
992 1935 1085 1961 omnia
1104 1939 1132 1961 et
1147 1935 1260 1970 singula
1274 1935 1418 1971 premissa,
1435 1936 1568 1963 omnibus

198 1981 281 2009 modo
295 1986 324 2009 et
343 1981 434 2008 forma
448 1982 553 2017 quibus
568 1991 663 2018 supra,
679 1983 850 2018 spectabunt
865 1982 898 2009 ad
914 1982 1075 2018 predictum
1091 1983 1180 2009 altare
1201 1988 1229 2009 et
1255 1983 1299 2010 sui
1325 1984 1491 2012 servitorem
1506 1995 1570 2022 pre-

197 2032 324 2063 missum,
340 2031 390 2067 qui
411 2040 462 2067 pro
483 2036 609 2067 tempore
630 2031 726 2061 fuerit..
744 2031 968 2068 imperpetuum,
991 2041 1042 2068 per
1063 2037 1215 2068 presentes.
1259 2032 1303 2059 Ita
1324 2042 1391 2059 vero
1412 2034 1489 2069 quod
1511 2035 1570 2071 ipse

199 2079 325 2106 sacerdos
340 2088 389 2106 seu
405 2079 525 2106 servitor
540 2078 696 2115 predictus,
714 2079 802 2106 fuerit
813 2084 919 2111 cantor,
934 2085 962 2106 et
977 2080 1139 2107 confortans<
1151 2081 1303 2107 servicium
1315 2087 1343 2108 et
1357 2082 1482 2109 officium
1493 2083 1572 2110 chori

199 2127 325 2163 ejusdem
346 2127 469 2159 ecclesie,
492 2127 593 2154 melius
614 2136 671 2162 quo
692 2127 806 2163 poterit,
830 2127 1000 2163 missamque
1022 2138 1088 2155 vero
1110 2137 1188 2155 suam
1210 2129 1239 2155 in
1261 2129 1343 2156 altari
1366 2131 1501 2165 predicto,
1518 2133 1570 2158 viz.

1468 2180 1570 2207 Sancte
