1731 2524
189 197 230 231 88
530 191 697 239 Pecleffl'ee
713 191 752 239 cf
758 190 887 227 Doetor
900 189 1070 226 Domnz'ck·
1088 189 1120 224 L
1123 189 1218 237 ynelz.

188 287 300 315 dencias
320 292 348 314 et
367 285 562 322 experimenta
575 284 733 312 formaliter
746 283 895 320 producta,
911 282 1106 319 probaverunt
1122 291 1150 309 se
1164 282 1272 309 solvere
1290 281 1400 318 prefato
1414 282 1567 309 Edmundo

190 336 333 374 Bodikyn,
356 336 386 362 in
401 335 495 362 dotem
510 339 538 362 et
552 334 735 370 maritagium
750 332 878 368 ejusdem
892 332 980 359 Elene
995 341 1045 359 sue
1054 341 1195 368 germane,
1210 331 1325 358 realiter
1335 335 1363 358 et
1378 341 1443 358 cum
1454 330 1566 363 effectu,

189 385 344 412 duodecem
358 384 454 416 libras,
470 383 637 420 quindecem
653 382 755 410 solidos
769 386 798 409 et
812 382 883 408 duos
898 381 1034 408 denarios.
1076 381 1199 417 Ideoque
1218 391 1268 408 nos
1288 381 1410 417 predicti
1429 381 1566 417 superior,

189 435 351 472 prepositus
366 439 394 461 et
405 434 496 461 nostri
510 434 728 469 comburgenses
742 432 832 459 eidem
850 431 941 467 prime
956 440 1035 458 sume
1050 431 1164 458 omnino
1178 430 1352 463 adhenentes,
1365 430 1566 466 judicavimus,

190 486 266 513 sicut
279 495 330 522 per
343 490 488 521 presentes
498 484 670 520 judicamus,
682 483 840 519 predictam
851 482 975 518 placeam
990 481 1077 508 titulo
1091 481 1218 517 pignoris
1232 490 1283 517 pro
1297 489 1408 507 summa
1421 480 1495 507 dotis
1506 490 1569 517 pre-

190 535 267 562 dicta
281 534 402 571 obligari
415 534 525 570 prefato
540 533 644 560 Davidi
662 532 845 569 O'Ixsyrreayn
860 536 889 559 et
903 531 962 558 suis
976 531 1118 567 germanis
1135 530 1281 567 predictis,
1296 539 1444 566 quousque
1458 530 1492 557 de
1506 539 1569 566 pre-

190 585 248 612 fata
272 594 382 611 sumnia
403 583 528 620 plenarie
547 583 736 610 effectualiter
756 582 865 609 fuerint
886 581 1033 618 persoluti,
1056 581 1169 607 fructus
1190 584 1218 607 et
1238 579 1423 607 obvenciones
1442 578 1570 614 ejusdem

191 633 326 670 pignoris,
339 632 462 659 durante
473 631 560 658 titulo
569 630 705 666 ejusdem,
719 630 808 657 libere
819 628 999 665 percipiendo
1011 637 1017 655 t
1039 628 1132 664 lignea
1146 627 1232 654 eciam
1247 626 1362 659 edificia,
1373 627 1506 663 quociens
1520 631 1571 653 aut

192 680 305 717 quando
314 689 385 716 opus
397 680 493 711 fuerit,
503 679 625 707 durante
635 679 723 706 titulo
733 679 859 715 ejusdem
869 678 1004 715 pignoris,
1013 678 1072 705 sine
1081 677 1284 714 impedimento
1292 677 1395 712 aliquo,
1402 676 1571 703 fabricantes

192 734 220 756 et
231 729 368 756 fabricata
382 733 544 765 reparantes
558 739 565 760 ς
588 737 658 764 quos
673 737 740 754 vero
751 727 889 754 Davidem
898 730 927 754 et
941 736 1006 754 suos
1020 735 1168 762 germanos
1179 725 1321 761 predictos
1330 725 1359 751 in
1370 725 1571 761 possessionem

191 778 317 814 ejusdem
332 778 459 814 pignoris
473 777 642 804 induximus
665 781 693 804 et
714 777 886 808 inducimus,
909 786 959 813 per
979 780 1131 813 presentes.
1174 775 1219 802 Ita
1237 780 1331 802 tamen
1346 775 1422 811 quod
1436 775 1529 802 omnia
1543 779 1572 801 et

191 827 304 863 singula
318 836 373 862 que
387 826 521 862 probabit
535 825 663 862 prefatus
677 825 771 852 David
786 825 928 863 Bodikyn,
951 835 1001 862 per
1016 825 1256 852 satissufficientes
1276 825 1465 861 probationes,
1480 825 1573 861 prefa-

192 880 249 902 tam
264 876 381 902 Elcuam
396 885 432 902 ex
446 875 528 902 bonis
542 875 645 911 prefati
660 875 806 902 Edmundi
821 875 866 902 sui
880 875 1010 911 conjugis
1025 875 1084 902 sine
1103 874 1325 902 satissufficienti
1339 874 1426 901 titulo
1442 874 1572 911 adeptam

190 924 285 956 fuisse,
302 924 453 951 demantur
467 924 581 952 omnino
596 924 630 952 de
644 934 755 952 summa
768 925 895 961 pignoris
909 925 1043 962 predicta.
1076 925 1119 952 De
1133 925 1239 961 quibus
1253 925 1386 951 omnibus
1400 929 1428 951 et
1443 924 1571 960 singulis,

190 972 405 1009 infrascriptiun
419 973 568 1009 publicum
582 973 727 999 notarium
741 973 813 1000 hanc
828 973 997 1000 sententiam
1017 973 1047 1000 in
1066 973 1139 1000 hanc
1153 973 1298 1009 publicam
1312 973 1431 1000 formam
1446 973 1573 1009 redigere

192 1020 318 1047 facimus.
361 1021 422 1047 Hec
446 1020 587 1047 sententia
608 1020 666 1047 lata
686 1025 729 1047 est.
751 1021 827 1057 apud
843 1021 968 1058 Galwey,
991 1022 1078 1049 tertio
1101 1022 1146 1049 dic
1164 1022 1268 1049 mensis
1285 1022 1469 1058 Septembris,
1486 1023 1572 1049 Anno

193 1070 308 1097 Domini
327 1070 477 1097 millesimo
491 1073 567 1096 cccc⁰
579 1069 696 1096 lxxxv&
709 1074 737 1096 et
751 1069 832 1106 regni
847 1070 931 1106 Regis
946 1070 1060 1097 Ricardi
1074 1069 1155 1097 tercii
1169 1079 1242 1097 anno
1256 1070 1352 1097 tercio.

369 1132 386 1143 “
400 1128 439 1155 Et
460 1138 511 1165 ego
525 1138 600 1161 vero,
615 1128 792 1155 Willielmus
807 1128 931 1165 Molgan,
947 1129 1067 1156 clericus
1081 1128 1317 1156 Enachdunensis
1337 1129 1461 1161 diocesis,
1477 1129 1573 1166 publi-

427 1187 485 1209 cus,
501 1178 672 1205 auctoritate
687 1178 840 1214 Ixuperiali,
853 1179 1048 1215 notariusque,
1070 1188 1136 1206 cum
1151 1179 1245 1205 omnia
1259 1182 1286 1205 et
1301 1178 1414 1214 singula
1428 1179 1572 1214 premissa,

427 1227 466 1254 sic
488 1232 516 1254 et
530 1228 720 1264 premittitur,
743 1228 852 1261 fierent,
877 1228 1043 1256 dicerentur
1070 1233 1099 1256 et
1126 1233 1280 1265 agerentur
1303 1238 1418 1264 presens
1442 1228 1573 1261 interfui,

427 1285 515 1312 eaque
529 1276 622 1303 onmia
636 1281 664 1303 et
679 1276 792 1313 singula
806 1277 846 1303 sic
859 1275 921 1303 fieri
932 1276 991 1303 vidi
1006 1281 1033 1303 et
1048 1276 1153 1303 audivi.
1194 1276 1318 1312 Ideoque
1328 1276 1413 1311 jussu
1428 1281 1457 1303 et
1471 1282 1575 1313 rogatu

427 1325 622 1362 predictorum
638 1326 800 1363 superioris,
816 1326 953 1363 prepositi
967 1331 996 1353 et
1010 1335 1128 1353 suorum
1147 1325 1406 1361 comburgensium,
1422 1335 1503 1357 anno,
1519 1325 1573 1358 die,

427 1384 523 1402 mense
537 1379 565 1402 et
580 1375 640 1402 loco
654 1375 760 1411 quibus
775 1385 869 1412 supra,
885 1375 1056 1402 indicatione
1069 1384 1137 1402 vero
1146 1375 1241 1407 tercia,
1264 1374 1446 1411 pontificatus
1459 1374 1575 1402 Domini

428 1423 591 1450 Innocencii
605 1433 676 1460 pape
685 1423 770 1450 VIII.
790 1433 863 1450 anno
888 1422 1019 1455 secundo,
1035 1423 1065 1449 in
1084 1422 1157 1449 hanc
1171 1423 1316 1459 publicam
1332 1422 1449 1450 formam
1469 1423 1574 1460 redegi,

428 1472 509 1508 signo
523 1477 551 1499 et
566 1472 679 1500 nomine
692 1472 762 1499 meis
776 1472 867 1499 solitis
889 1476 917 1499 et
942 1472 1085 1499 consuetis
1100 1471 1217 1508 signavi,
1237 1476 1354 1508 rogatus
1369 1477 1397 1499 et
1410 1473 1574 1509 requisituS‚

428 1521 459 1548 in
471 1521 555 1548 fidem
569 1526 597 1549 et
612 1521 809 1549 testimonium
824 1522 953 1548 omnium
967 1525 995 1548 et
1010 1521 1190 1557 singulorum
1205 1521 1437 1557 premissorum.'’

255 1599 341 1626 After
356 1598 413 1626 this
427 1600 504 1632 time,
518 1599 566 1627 the
576 1598 755 1633 O'Kirwans,
768 1600 797 1626 in
813 1599 896 1627 order
910 1604 939 1626 to
954 1599 1104 1635 Anglicize
1118 1598 1193 1626 their
1207 1608 1296 1631 name,
1309 1598 1436 1626 divested
1447 1599 1470 1627 it
1485 1600 1517 1627 of
1527 1600 1576 1627 the

196 1648 322 1675 national
343 1648 382 1681 Ο;
410 1649 465 1675 but
486 1649 612 1676 without
633 1649 696 1676 that
720 1649 823 1686 prefix,
847 1648 896 1676 the
920 1658 1002 1676 name
1021 1652 1125 1675 cannot
1146 1649 1181 1675 be
1203 1647 1354 1684 expressed
1376 1648 1405 1674 in
1429 1648 1476 1676 the
1501 1649 1576 1676 Irish

196 1697 344 1733 languagc.
386 1697 455 1724 This
471 1698 659 1726 antinational
680 1699 804 1735 practice
826 1698 858 1726 of
868 1698 1053 1734 Anglicizing
1068 1696 1143 1724 Irish
1158 1706 1313 1729 surnames,
1328 1696 1378 1723 has
1392 1697 1463 1724 been
1477 1707 1575 1734 preva-

197 1748 257 1775 lent
271 1748 315 1775 for
330 1747 380 1775 the
394 1753 451 1775 two
465 1748 519 1775 last
535 1749 686 1776 centuries.

757 1826 834 1863 Paye
845 1825 891 1862 56,
906 1825 962 1852 line
978 1825 1021 1852 28.

256 1885 293 1912 D.
304 1884 377 1912 Jolm
388 1885 517 1921 Baptista
529 1883 983 1912 Rebucz'no.—Rinuccini.—Hib.
993 1883 1074 1909 Dom.
1090 1892 1117 1919 p.
1130 1881 1195 1919 650.

765 1980 842 2017 Paye
854 1988 900 2017 57,
915 1979 971 2007 line
984 1988 1009 2016 3.

255 2038 395 2066 Relations
408 2040 443 2075 of
448 2041 512 2067 said
514 2040 563 2075 fa.
573 2039 712 2068 Domm'ck
726 2040 954 2077 Lynch.—Some
965 2039 996 2066 os
1005 2039 1083 2066 these
1097 2038 1308 2075 distinguished
1329 2040 1502 2070 individuals
1516 2043 1577 2070 will

196 2089 231 2115 be
244 2087 333 2115 found
347 2087 460 2116 noticed
474 2088 503 2115 in
515 2088 558 2116 De
572 2088 679 2125 Burgo,
697 2087 766 2115 Hib.
777 2088 859 2115 Dom.
873 2098 880 2120 ;
902 2087 957 2115 and
972 2087 1066 2120 Ware,
1078 2087 1121 2114 De
1132 2086 1270 2123 Scriptor.
1287 2087 1364 2121 Hib.,
1384 2088 1508 2117 Harris’s
1523 2090 1576 2117 Ed.

1524 2139 1575 2167 See
