1731 2524
181 229 224 250 20
630 214 691 250 De
715 214 877 250 Concilio
898 213 1086 249 Hibernia

181 307 423 343 destruxerint
441 318 523 354 sepe
541 306 716 354 contingit
733 306 830 353 quod
847 306 954 341 iidem
970 305 1167 354 Hybernici
1181 305 1325 341 eosdem
1344 319 1431 353 quos
1449 307 1547 354 prius

181 367 311 401 amicos
330 378 404 401 esse
425 365 492 400 sibi
510 365 720 400 simularunt
738 364 829 399 infra
846 371 985 411 tempus
1000 366 1099 400 trebe
1119 377 1180 400 5011
1194 371 1316 412 treuge
1334 379 1549 413 persequun-

182 434 248 469 tur,
267 426 448 461 forcellata
463 438 584 460 00111111
604 432 639 460 01
652 425 808 460 maneria
826 425 1015 460 destruunt
1032 432 1067 459 et
1081 426 1308 469 comburimt3
1324 432 1359 460 et
1372 438 1416 460 ne
1430 425 1550 472 hujus-

181 487 278 522 modi
309 487 505 534 periculum
535 486 674 520 eveniat
702 485 746 520 de
771 492 898 526 cetero,
918 485 1164 520 corcordatum
1195 491 1248 519 est
1274 492 1309 519 ct
1332 497 1547 526 concessum,

182 545 279 590 quod
297 545 386 579 nulli
398 545 519 580 licebit
537 545 580 579 110
600 552 718 580 cetero
736 545 866 580 habere
886 546 943 580 vel
962 552 1081 580 tenere
1100 545 1216 579 trebas
1236 557 1298 579 seu
1312 552 1452 592 treugas
1470 558 1551 580 cuni

182 605 398 652 Hybernicis
417 605 462 639 ad
479 618 652 652 guerram,
680 606 737 640 vel
755 612 857 640 extra
874 618 996 652 pacem
1015 605 1260 646 existentibus,
1284 605 1351 639 nisi
1369 606 1469 640 treba
1491 605 1551 639 illa

183 678 245 699 5011
260 672 383 711 treuga
401 665 446 699 sit
463 665 673 699 universalis
692 671 726 699 et
745 665 879 710 equalis
903 677 1026 699 versus
1045 676 1175 705 01111105,
1202 664 1301 698 1111110
1319 663 1476 699 fidelium
1493 677 1551 699 ex-

183 731 286 770 cepto
305 724 362 758 vel
380 724 512 758 relicto.
566 724 637 768 Qui
664 731 781 759 autem
800 725 902 759 1111101
920 726 1054 759 trebam
1076 737 1137 758 seu
1160 730 1318 771 treugam
1342 724 1476 770 ceperit
1493 724 1551 758 vel

183 783 398 818 concesserit
410 783 625 830 Hybernicis
644 789 746 817 extra
764 795 886 829 pacem
905 783 1139 817 existentibus
1159 782 1326 829 puniatur
1344 794 1426 829 erga
1444 782 1551 816 domi-

182 856 267 877 num
286 855 406 890 regem
425 850 591 889 tanquam
606 843 781 890 particeps
800 842 975 878 malefacti
988 842 1193 889 hujusmodi
1205 842 1500 889 Hybernicorum,
1517 848 1551 875 et

185 903 259 937 leso
277 909 411 949 partem
431 902 482 936 rei
501 902 638 948 perdite
657 902 820 937 restituat
839 902 929 936 sicut
956 902 1116 949 superius
1135 901 1268 936 dictum
1288 907 1340 935 est
1358 901 1401 935 de
1417 913 1552 947 compa-

185 962 290 996 triota
307 974 387 996 011111
407 961 525 996 vicino
544 974 607 996 suo
627 974 733 1008 super
750 961 903 996 felonem
922 962 1103 1008 insiugere
1122 973 1192 995 non
1206 961 1356 995 volente.

257 1023 477 1068 Frequenter
489 1022 599 1056 eciam
612 1022 809 1069 Hybernici
827 1021 871 1056 ad
885 1034 1047 1069 guerram
1062 1022 1290 1056 comittantur
1302 1033 1364 1067 per
1374 1021 1442 1056 hoc
1457 1021 1553 1067 quod

186 1094 267 1115 cum
298 1081 342 1115 ad
370 1093 493 1127 paceni
522 1081 591 1116 sint
622 1081 679 1115 vel
706 1081 841 1115 trebam
871 1094 933 1115 seu
960 1088 1118 1127 treugam
1143 1080 1331 1115 habuerint
1356 1081 1554 1127 generalem

188 1153 249 1186 per
267 1147 403 1175 certum
422 1147 569 1187 tempus,
599 1141 656 1175 vel
675 1141 783 1175 tuicio
809 1141 904 1187 pacis
923 1153 986 1187 per
1000 1141 1132 1175 curiam
1148 1140 1281 1175 domini
1299 1140 1391 1187 regis
1410 1140 1458 1174 015
1477 1153 1556 1174 0011-

186 1212 281 1233 cessa
300 1199 415 1240 fuerit,
446 1200 590 1246 quidam
619 1199 813 1246 cupiditate
843 1200 950 1241 ducti,
978 1199 1122 1246 quidam
1149 1212 1233 1234 vero
1260 1199 1415 1234 vindicte
1442 1212 1554 1240 causa,

186 1260 243 1293 vel
261 1260 404 1301 invidie,
431 1272 492 1294 seu
510 1260 617 1294 namii
641 1260 814 1306 capiendi,
842 1259 1048 1294 insidiantes
1073 1260 1121 1294 eis
1144 1260 1260 1294 subito
1287 1259 1344 1293 vel
1370 1265 1554 1293 noctanter

186 1326 294 1352 ruunt
312 1319 347 1352 in
372 1331 440 1359 eos,
464 1324 573 1352 terras
592 1330 714 1352 eorum
734 1318 876 1359 intrant,
895 1318 1021 1365 predas
1048 1319 1190 1364 rapiunt
1214 1318 1270 1353 vel
1297 1330 1419 1352 00111111
1438 1319 1555 1353 averia

186 1384 246 1412 aut
263 1377 434 1419 homines,
449 1377 559 1412 nichil
574 1378 656 1412 mali
672 1377 786 1412 saltim
802 1384 960 1424 tempore
973 1378 1034 1412 illo
1048 1378 1166 1412 medio
1180 1390 1302 1412 versus
1314 1378 1467 1424 aliquem
1482 1390 1557 1424 per—

185 1445 362 1484 petrantes
376 1438 411 1472 in
427 1437 591 1472 marchiis
610 1438 681 1472 suis
700 1438 862 1472 inventos
881 1439 1025 1484 capiunt
1043 1446 1078 1472 et
1089 1438 1279 1477 abducunt,
1295 1449 1357 1484 per
1370 1437 1466 1483 quod
1481 1437 1554 1483 Hy-

185 1498 319 1532 bernici
331 1510 411 1532 011111
426 1498 522 1532 leves
535 1498 605 1533 sint
619 1499 735 1533 animo
750 1499 865 1533 statim
879 1499 922 1534 ad
936 1512 1101 1546 guerram
1112 1499 1310 1546 prosiliunt,
1323 1505 1357 1533 et
1371 1498 1432 1533 ubi
1443 1498 1555 1544 patria

184 1557 336 1592 debilior
353 1570 427 1592 esse
446 1559 604 1593 creditur
621 1559 671 1593 ibi
686 1560 925 1606 depredantur
943 1567 1012 1595 tam
1025 1561 1114 1601 illos,
1129 1560 1190 1606 qui
1204 1560 1241 1594 in
1255 1559 1353 1594 nullo
1367 1558 1554 1605 participes

187 1617 328 1652 fuerunt
346 1619 630 1666 transgressionis
642 1619 691 1654 eis
709 1620 810 1661 facte,
829 1633 894 1655 nec
913 1621 995 1656 111110
1011 1621 1174 1656 civerunt
1185 1627 1244 1655 aut
1263 1619 1307 1654 ad
1324 1619 1393 1654 hoc
1411 1631 1554 1654 consen-

187 1684 316 1718 serunt,
341 1689 444 1723 quam
470 1678 599 1713 amicos
626 1685 662 1713 et
682 1678 801 1714 affines
826 1679 1030 1725 hujusmodi
1053 1686 1358 1725 transgressorum,
1378 1690 1441 1724 per
1458 1677 1555 1724 quod

188 1739 298 1784 patrie
318 1738 404 1773 locis
424 1739 584 1785 pluribus
610 1738 847 1779 devastantur,
875 1745 910 1773 et
928 1751 969 1773 eo
987 1738 1096 1773 cicius
1116 1738 1198 1783 quia
1215 1750 1294 1772 raro
1312 1736 1441 1772 accidit
1458 1737 1555 1782 quod

189 1798 391 1843 hujusmfflli
406 1805 680 1845 transgressores
700 1810 735 1833 50
753 1798 907 1833 fideliter
924 1798 1159 1832 intromittant
1177 1796 1220 1831 ad
1245 1809 1366 1843 pacem
1389 1796 1556 1831 marchia-

187 1858 278 1892 rium
304 1857 575 1892 sustentandam.
628 1859 675 1892 Et
698 1857 743 1892 ad
766 1858 898 1892 malum
926 1856 1130 1903 hujusmodi
1157 1856 1341 1891 vitandum
1364 1856 1407 1890 de
1427 1862 1554 1897 cetero,

187 1917 438 1953 concordatum
458 1924 563 1952 estet
585 1930 801 1958 concessum,
827 1917 924 1963 quod
951 1917 1040 1951 nulli
1068 1916 1190 1951 licebit
1216 1916 1252 1950 in
1274 1915 1431 1950 futurum
1454 1928 1555 1961 quos-

186 1988 326 2022 cunque
346 1975 570 2023 Hybernicos
589 1975 633 2009 ad
650 1988 773 2021 pacem
792 1975 993 2016 existentes,
1008 1975 1064 2009 vel
1082 1975 1252 2009 habentes
1271 1981 1401 2009 certain
1420 1975 1555 2010 trebam

188 2050 246 2071 =seu
270 2043 437 2082 treugam,
458 2035 606 2069 durante
626 2042 784 2081 tempore
804 2036 901 2069 trebe
922 2047 983 2069 seu
1002 2041 1124 2081 treuge
1144 2034 1201 2068 vel
1225 2034 1374 2069 durante
1396 2040 1554 2081 tempore

189 2097 351 2132 tuicionis
371 2096 465 2142 pacis
484 2095 533 2130 eis
547 2107 722 2136 concesse,
742 2094 934 2129 dummodo
950 2094 1147 2142 Hybernici
1161 2093 1213 2128 illi
1231 2106 1352 2140 pacem
1368 2095 1555 2135 tenuerint,

1400 2160 1556 2200 tempore
