1731 2524
211 190 254 233 98
627 185 737 222 Ροεηλ
755 185 797 233 by
816 184 1009 221 Gratianus
1023 184 1164 221 Lucius.

212 290 247 307 ex
263 280 408 311 Hibernis,
423 283 487 316 post
500 279 631 306 fortunas
645 288 741 306 omnes
755 278 878 315 publicis
898 278 1062 315 sumptibus
1076 277 1236 311 exhaustas,
1259 287 1375 306 succum
1389 288 1499 307 omnem
1514 284 1584 307 tam-

213 339 297 365 quam
313 329 327 357 ὲ
341 329 423 356 malis
444 329 536 356 aureis
558 328 758 365 expresserint,
775 332 838 354 tum
859 337 958 355 eorum
977 337 1093 364 corpora
1115 332 1250 364 tanquam
1272 328 1411 356 malorum
1433 338 1584 356 aureorum

212 381 330 408 cortices
352 380 420 417 ipsis
442 380 610 416 largiantur,
635 378 649 406 ὲ
672 379 779 415 quibus
806 387 862 404 non
884 377 1024 405 mediocre
1050 378 1248 414 compendium
1270 378 1371 405 deinde
1397 379 1584 415 perciperent.

214 430 404 463 Quamobrem
425 429 485 456 dati
506 433 574 456 sunt
595 429 625 455 in
644 428 767 465 praedam
789 428 912 455 infantes
928 428 1133 459 Hibernorum,
1149 432 1177 455 et
1195 437 1300 455 uxores
1314 437 1412 455 eorum
1436 428 1466 455 in
1488 428 1584 455 divisi-

213 489 302 508 onem,
318 484 347 506 et
361 479 490 506 civitates
504 488 603 506 eorum
618 478 647 505 in
661 478 873 509 exterminium,
896 482 924 505 et
947 482 1042 504 sancta
1055 487 1154 504 eorum
1172 477 1202 504 iu
1225 477 1420 514 pollutionem,
1436 481 1471 504 ut
1484 476 1585 504 fierent

214 527 398 564 opprobrium
413 527 561 563 gentibus:
584 526 699 557 Judith,
715 525 894 562 4.⁷’-Epist.
904 526 1092 553 Declicatoria.

272 578 305 604 ln
327 577 376 604 the
395 577 540 613 following
554 581 649 603 stanza
663 576 694 603 os
705 585 759 603 our
773 585 862 612 poem,
879 585 923 602 see
936 585 962 611 p.
974 584 1019 611 95,
1035 574 1156 601 allusion
1170 573 1194 601 is
1208 574 1288 602 made
1301 578 1331 602 to
1345 574 1394 602 the
1408 579 1485 602 town
1499 574 1531 602 os
1541 574 1585 602 his

213 626 301 659 birth,
317 626 354 652 its
375 625 556 661 magnificent
574 624 730 660 buildings,
753 623 808 650 and
831 622 880 650 the
901 623 1006 660 misery
1022 627 1050 650 to
1065 622 1159 649 which
1182 622 1220 649 its
1243 632 1311 650 once
1332 622 1455 660 wealthy
1469 623 1585 650 citizens

214 685 287 703 were
301 674 423 702 reduced
437 675 476 711 by
491 673 540 701 the
553 673 733 700 vicissitudes
747 672 779 699 of
789 682 847 699 war
859 681 866 699 τ

597 737 612 747 “
623 735 708 758 Sidera
719 734 845 756 lambentis
858 734 897 763 qui
910 741 964 756 mox
978 734 1023 756 fuit
1036 733 1113 755 incola
1124 733 1192 759 tecti,

654 779 748 807 cogitur
761 779 853 806 exiguis
866 785 926 800 nunc
938 779 1046 800 habitare
1059 778 1127 800 casis.

621 824 690 846 Auro
703 824 741 852 qui
755 824 835 845 suerat
847 823 973 852 permultis
985 823 1051 844 dives
1063 826 1088 844 et
1099 823 1171 850 agriS,

653 867 691 889 hic
704 874 764 888 nunc
777 867 903 893 mendicat,
918 873 986 895 quem
999 867 1070 888 dabat
1081 870 1145 892 ante,
1159 863 1262 888 cibum.''

272 923 305 949 In
316 922 363 950 the
370 922 415 949 Pii
425 920 575 948 Antistitis
588 921 655 947 Icon
667 920 741 957 (vide
750 930 776 957 p.
790 919 836 952 68„
847 919 931 955 mete),
943 919 992 947 the
1001 921 1126 956 subjects
1138 920 1169 946 of
1174 919 1231 946 this
1244 924 1339 946 stanza
1349 928 1395 946 are
1404 928 1482 946 more
1489 919 1585 956 amply

214 971 353 999 ‹letailedz
377 974 393 985 ‘⁴
404 970 437 997 In
451 969 568 997 occidua
578 969 724 996 Hiberniae
739 969 852 1005 regione
867 968 976 995 celebre
991 968 1097 996 Galviae
1112 968 1249 1005 oppidum
1260 969 1406 996 Connaciae
1424 974 1509 1005 caput
1518 969 1584 996 visi-

213 1027 262 1048 tur
274 1032 281 1053 ς
303 1029 368 1056 quae
378 1029 434 1046 non
445 1019 485 1046 ita
494 1018 603 1055 pridem
617 1018 728 1045 civibus
737 1017 880 1054 frequens,
895 1018 1121 1054 negotiatoribus
1140 1018 1258 1051 fervens,
1278 1018 1379 1054 opibus
1393 1018 1495 1045 florens
1509 1018 1566 1045 suit
1578 1028 1584 1045 τ

214 1070 290 1097 Illud
305 1069 381 1096 muri
395 1068 411 1095 ὲ
425 1068 511 1095 viridi
525 1077 664 1094 marmore
678 1067 811 1104 pluribus
826 1067 932 1094 firmati
946 1067 1085 1100 turribus,
1102 1072 1130 1095 et
1145 1067 1216 1094 :edes
1230 1077 1266 1094 ex
1280 1067 1376 1094 eodem
1391 1076 1458 1094 saxo
1472 1068 1501 1094 in
1516 1078 1584 1105 qua-

214 1126 279 1146 tuor
293 1123 344 1145 aut
353 1118 480 1154 quinque
489 1117 733 1153 contignationum
748 1116 930 1143 altitudinem
942 1121 976 1143 ut
985 1117 1143 1153 plurimum
1152 1121 1338 1153 exurgentem
1352 1115 1583 1154 [Pexurgentes]

212 1174 240 1195 et
255 1168 352 1204 plateae
368 1177 453 1204 quam
467 1167 645 1203 amplissimae
660 1167 812 1198 adornant;
835 1167 946 1203 elegans
957 1167 1083 1194 omnium
1098 1167 1223 1204 partium
1233 1166 1399 1204 symmetria
1409 1167 1585 1194 concinnat.'’

213 1218 325 1249 -Icom
342 1227 367 1253 p.
380 1225 404 1243 2.
429 1220 445 1230 “
455 1217 555 1244 Preter
569 1216 622 1243 tria
632 1216 685 1243 Dei
695 1216 811 1252 flagella,
824 1216 912 1247 famis,
923 1216 1010 1252 pestis
1021 1220 1049 1243 et
1060 1216 1135 1245 belli,
1149 1225 1211 1252 qua]
1220 1216 1294 1243 cives
1303 1215 1460 1252 plurimum
1472 1215 1586 1243 infesta-

214 1269 290 1298 bant,
302 1270 437 1302 quartum
450 1266 502 1293 Dei
514 1265 657 1301 flagellum
669 1265 757 1301 aliqui
768 1265 854 1292 fuisse
869 1265 1039 1292 dictitabant
1052 1264 1298 1292 hebdomadariam
1307 1264 1439 1300 stipendii
1454 1265 1585 1292 militaris

213 1317 395 1347 exactionem,
407 1324 470 1351 quae
491 1314 571 1341 tanta
585 1323 650 1340 cum
665 1314 813 1340 atrocitate
832 1313 925 1345 fiebat,
939 1318 972 1340 ut
987 1313 1041 1340 nisi
1056 1310 1175 1349 singulis
1190 1312 1321 1340 sabbathi
1331 1312 1439 1345 diebus,
1457 1313 1526 1340 tuba
1541 1323 1585 1340 ca-

213 1370 305 1397 nente,
316 1375 346 1391 ac
357 1369 492 1402 tympano
502 1367 677 1399 personante,
689 1362 830 1389 indictum
841 1361 1015 1398 stipendium
1025 1361 1059 1388 ad
1070 1361 1204 1388 amussim
1219 1361 1437 1397 persolveretur,
1450 1361 1479 1388 in
1489 1361 1584 1390 domos

214 1418 277 1445 ilico
291 1417 396 1444 milites
410 1417 562 1447 irruerent,
578 1420 607 1442 et
621 1415 756 1451 sclopulo,
772 1415 909 1447 virorum,
925 1424 955 1440 ac
972 1414 1126 1440 mulierum
1147 1413 1310 1450 pectoribus
1329 1413 1449 1443 admoto,
1464 1419 1585 1441 mortem

212 1467 354 1503 extemplo
369 1466 546 1493 subeundam
560 1475 618 1492 esse
632 1465 820 1496 minarentur,
837 1464 860 1491 si
882 1464 972 1500 petita
988 1473 1098 1490 summa
1112 1463 1184 1490 citra
1197 1473 1304 1490 moram
1319 1473 1374 1489 non
1389 1463 1583 1495 exhiberetur,

213 1517 289 1552 quod
303 1517 334 1548 si,
350 1515 439 1547 bonis,
455 1514 591 1541 continua
606 1514 773 1550 pensionum
788 1513 929 1540 solutione
943 1512 1098 1545 exhaustis,
1115 1511 1247 1539 solvendo
1261 1521 1317 1538 non
1331 1517 1431 1543 essent,
1447 1513 1582 1546 culcstrae,

214 1565 334 1601 spondzr,
356 1564 468 1596 lodices,
495 1573 611 1600 mappae,
640 1563 718 1592 disci,
744 1567 772 1589 et
793 1562 876 1589 obvia
900 1571 1019 1598 qumque
1047 1561 1204 1597 suppellex,
1228 1561 1313 1587 immo
1337 1561 1407 1597 ipsae
1429 1562 1583 1590 mulierum

213 1619 304 1641 vestes
328 1614 357 1640 in
379 1614 473 1640 sorum
492 1623 506 1640 e
523 1613 644 1649 vestigio
658 1612 852 1648 rapiebantur,
868 1616 897 1638 et
910 1611 961 1638 vili
976 1611 1068 1647 pretio
1088 1610 1330 1642 distrahebantur,
1350 1610 1390 1637 ita
1404 1615 1437 1637 ut
1452 1612 1583 1639 sabbathi

213 1664 271 1690 «lies
290 1663 412 1698 aliquam
435 1661 561 1697 supremi
578 1660 681 1695 judicii
704 1659 920 1686 similitudinem
943 1658 1074 1685 retulisse
1096 1658 1249 1689 videretur,
1269 1657 1344 1693 quod
1367 1658 1443 1685 tubae
1468 1659 1582 1696 clangor

213 1713 367 1748 utrobique
381 1721 477 1747 parem
491 1710 549 1738 sere
564 1715 701 1737 terrorem
716 1709 899 1736 audientibus
914 1707 1175 1735 incusserit.”—I1l.
1190 1717 1216 1743 p.
1228 1707 1271 1743 85.

273 1763 332 1790 The
346 1766 473 1789 extreme
488 1761 578 1797 rarity
593 1760 624 1786 of
634 1769 687 1786 our
701 1757 827 1785 author's
841 1757 935 1784 works
956 1766 1007 1783 can
1025 1756 1103 1783 alone
1123 1755 1229 1792 justify
1244 1755 1292 1782 the
1311 1755 1446 1783 insertion
1462 1756 1493 1783 of
1504 1757 1582 1785 these

213 1811 383 1849 lengthened
398 1814 536 1841 extracts3
558 1809 696 1846 although
711 1809 779 1846 they
794 1808 865 1835 have
878 1808 949 1834 been
963 1806 1125 1833 considered
1140 1815 1284 1842 necessary
1295 1805 1417 1832 towards
1431 1807 1582 1844 rendering

215 1871 289 1888 some
309 1869 436 1897 passages
458 1859 489 1886 of
505 1858 549 1885 his
571 1869 651 1895 poem
674 1868 751 1885 more
773 1857 943 1893 intelligible
959 1856 1014 1883 and
1033 1855 1210 1892 satisfactory
1226 1860 1254 1881 to
1271 1854 1317 1881 the
1332 1855 1436 1883 render.
1477 1857 1581 1885 Indead

215 1911 295 1938 there
308 1919 355 1937 are
368 1909 423 1936 but
441 1908 494 1935 few
509 1908 602 1935 works
617 1918 653 1935 on
670 1918 722 1935 our
737 1907 862 1934 national
876 1906 970 1933 affairs
985 1916 1014 1933 so
1028 1915 1097 1937 rare,
1114 1905 1167 1931 and
1183 1909 1211 1931 at
1226 1904 1273 1931 the
1288 1914 1362 1931 same
1376 1905 1444 1932 time
1459 1916 1488 1933 so
1502 1907 1581 1934 valu-

214 1961 283 1992 able,
300 1970 328 1987 as
343 1959 422 1986 those
436 1958 467 1985 of
479 1958 584 1985 Doctor
599 1957 675 1984 John
691 1956 798 1994 Lynch,
814 1955 1000 1992 particularly
1014 1954 1058 1981 his
1075 1958 1091 1968 ‘⁵
1103 1953 1280 1981 Cambrensis
1293 1953 1449 1986 Eversuss’

1470 1965 1522 1982 nor
1535 1967 1582 1984 are

215 2012 293 2039 there
307 2019 363 2046 any
377 2009 408 2035 of
418 2007 510 2034 which
531 2007 655 2043 reprints
670 2006 765 2034 would
778 2007 813 2033 be.
833 2015 910 2033 more
926 2004 1085 2041 accept-able
1102 2009 1130 2031 to
1145 2003 1192 2030 the
1207 2003 1312 2040 publio,
1336 2013 1367 2030 or
1382 2004 1474 2031 uset'ul
1489 2010 1519 2032 to
1534 2006 1581 2034 the

214 2060 331 2087 student
345 2057 375 2085 of
387 2057 460 2085 Irish
473 2057 590 2094 history.
1464 2054 1491 2081 J.
1504 2054 1540 2081 H.
