1731 2524
629 165 691 200 De
712 164 874 200 Concilio
890 164 1080 200 Hibernie.
1503 176 1544 212 23

172 269 254 305 sepe
273 263 547 305 prosternuntur
565 256 765 292 alternatim
783 256 892 292 velud
909 256 1055 292 inimici.
1105 257 1153 292 Et
1172 268 1215 291 eo
1238 257 1332 292 circa
1359 258 1547 293 concorda-

171 324 247 353 tum
261 324 315 353 est
328 324 364 353 et
375 329 593 359 concessum,
606 317 704 363 quod
719 330 840 353 omncs
852 318 1000 365 Anglici
1010 318 1047 352 in
1058 317 1125 353 hac
1137 324 1230 352 terra
1244 317 1360 353 saltim
1378 318 1414 352 in
1433 319 1547 364 capite

172 377 270 424 quod
287 378 366 424 plus
385 378 478 412 visui
497 390 532 412 se
547 384 762 424 presentant,
784 390 900 413 mores
919 384 955 413 et
972 383 1153 413 tonsuram
1167 384 1293 425 gerant
1311 377 1546 425 Anglicoruni

172 450 237 473 nec
256 438 407 484 amphus
431 445 636 484 presumant
660 446 820 473 avertere
838 450 957 473 comes
975 438 1012 473 in
1029 438 1209 479 colunum,
1228 436 1325 483 quod
1344 436 1372 471 si
1390 436 1547 477 fecerint,

169 498 395 544 justiciarius,
416 498 622 540 vicecomes,
643 499 856 534 senescallus
885 498 1099 539 libertatum,
1124 496 1259 532 domini
1281 496 1392 531 eciam
1410 496 1446 530 in
1465 508 1548 541 quo-

172 571 251 593 rum
273 558 432 593 dominio
456 559 604 607 Anglici
631 559 837 606 hujusmodi
865 559 1095 607 reperiantur,
1125 564 1161 593 et
1186 569 1308 592 eorum
1335 555 1547 591 senescallus

174 619 348 666 Anglicos
366 619 445 653 illos
464 631 528 666 per
547 626 657 654 terras
682 626 717 654 et
745 619 871 654 catalla
894 631 965 659 sua,
989 630 1055 653 nec
1073 630 1145 652 non
1163 623 1199 652 et
1215 628 1279 663 per
1296 615 1549 650 arestacioneni

173 678 331 725 corporis
350 678 403 713 sui
422 684 456 713 et
476 678 829 725 imprisonamentum
849 678 877 712 si
901 689 1044 712 necesse
1063 676 1179 717 suerit,
1198 675 1359 710 habitum
1372 674 1549 722 Hyberni-

173 738 284 773 caleni
304 738 420 773 saltim
439 738 475 772 in
493 738 607 784 capite
627 750 690 772 seu
713 737 850 784 capillis
878 737 1079 783 relinquere
1106 736 1327 783 distringant,
1346 742 1381 770 et
1398 734 1550 781 compel-

173 799 256 839 lant,
287 810 353 833 nec
388 797 538 844 amplius
571 797 828 844 respondeatur
855 797 1012 844 Anglico
1041 796 1158 843 capud
1190 795 1337 831 habenti
1370 795 1407 829 in
1437 794 1550 829 fornia

174 859 372 907 Hybernici
391 865 661 893 transmutatum
682 870 787 905 quam
803 857 1012 906 Hybernico
1026 856 1262 904 respondetur
1276 855 1304 890 si
1322 855 1359 889 in
1373 866 1549 889 6115116011-

173 919 278 953 simili
297 926 444 965 questus
463 926 563 954 esset.

247 979 489 1025 Assignentur
507 977 551 1012 de
571 984 688 1013 cetero
707 977 743 1012 in
769 977 931 1024 quolibet
953 976 1124 1012 comitatu
1150 982 1185 1011 et
1209 975 1368 1022 qualibet
1384 974 1548 1008 libertate

172 1037 234 1071 ubi
253 1036 452 1084 Hybernici
472 1042 554 1071 sunt
567 1035 805 1070 inhabitantes
825 1035 897 1070 duo
915 1042 1106 1083 magnates,
1126 1035 1187 1081 qui
1205 1047 1287 1070 cum
1305 1033 1464 1081 capitalis
1478 1035 1550 1079 jus-

172 1097 328 1132 ticiarius
346 1097 383 1131 in
402 1097 546 1131 remotis
564 1097 724 1143 partibus
742 1096 902 1131 exitterit
923 1109 1005 1131 611111
1018 1095 1217 1143 Hybernici
1231 1094 1390 1142 parcium
1408 1093 1548 1128 illarum

173 1186 624 1192 ..............
656 1157 701 1192 ad
723 1169 887 1205 guerram
912 1170 948 1192 se
966 1155 1182 1204 ponentibus
1200 1154 1296 1189 licite
1316 1159 1467 1188 tractent
1485 1164 1550 1198 pro

171 1218 266 1253 bono
284 1218 394 1265 paeis;
414 1225 449 1253 et
468 1219 495 1253 si
514 1218 683 1265 deposcat
701 1219 899 1253 communis
917 1218 1051 1253 utilitas
1069 1217 1120 1252 eis
1138 1229 1202 1264 per
1220 1213 1389 1262 alioquod
1407 1220 1547 1249 curtum

173 1277 341 1324 temporis
360 1279 516 1325 spacium
532 1284 691 1325 treugam
711 1290 774 1313 seu
792 1279 927 1313 trebam
948 1279 1013 1313 sub
1040 1278 1133 1313 bona
1152 1277 1339 1312 securitate
1363 1275 1447 1310 hinc
1466 1274 1548 1308 inde

171 1336 332 1371 facienda
349 1337 547 1372 concedant
570 1337 782 1384 generalem,
808 1344 843 1372 et
862 1337 979 1372 statim
1007 1337 1177 1372 mandent
1194 1335 1337 1383 capitali
1350 1335 1549 1382 justiciario

169 1396 257 1441 quid
275 1403 398 1443 agatur
417 1408 522 1443 super
545 1396 613 1431 1106
633 1396 798 1431 distincte
817 1402 852 1431 et
870 1403 1000 1442 aperte,
1020 1402 1059 1431 ut
1076 1396 1152 1443 ipse
1171 1395 1390 1442 justiciarius
1410 1406 1548 1441 compe-

171 1464 248 1491 tens
266 1457 463 1492 remedium
483 1469 588 1505 super
606 1457 674 1492 hoc
688 1456 793 1491 faciat
810 1456 975 1491 ordinari.

755 1676 976 1713 NOTES.

231 1756 504 1784 szciliunz.-This
518 1757 628 1785 earliest
645 1758 742 1785 record
757 1759 789 1785 os
799 1768 833 1785 an
850 1757 922 1785 Irish
939 1758 1112 1785 Parliament
1126 1757 1176 1785 has
1185 1758 1255 1785 been
1265 1756 1377 1784 noticed
1386 1757 1424 1793 by
1437 1755 1549 1782 various

172 1805 291 1833 writers.
318 1806 344 1832 It
355 1806 378 1832 is
390 1806 504 1833 entered
518 1807 687 1844 incorrectly
699 1808 737 1845 by
748 1808 816 1839 Cox,
830 1808 859 1834 in
871 1807 920 1835 the
930 1807 1069 1835 Hibernia
1081 1806 1243 1843 Anglieana,
1260 1816 1285 1843 p,
1297 1805 1341 1832 86.
1365 1805 1413 1832 An
1425 1805 1549 1831 abstract

172 1855 203 1882 os
214 1855 237 1882 it
251 1855 273 1882 is
287 1855 371 1891 given
386 1856 424 1893 by
440 1856 553 1886 Leland,
572 1856 650 1883 Book
671 1857 697 1884 ii.
713 1856 792 1893 chap.
810 1866 841 1889 2;
863 1857 887 1884 it
901 1857 924 1884 is
939 1857 1034 1895 partly
1049 1856 1163 1894 printed
1178 1856 1207 1883 in
1223 1855 1348 1883 Harris’s
1363 1855 1472 1881 WVare's
1488 1854 1547 1880 An-

173 1903 310 1939 tiquities,
326 1903 405 1941 cha-p.
420 1915 445 1931 v.
461 1914 487 1941 p.
504 1904 554 1941 363
570 1905 625 1932 and
640 1906 663 1932 it
678 1906 701 1932 is
717 1906 871 1933 translated
886 1911 914 1933 at
930 1906 1028 1943 length
1047 1907 1133 1944 (from
1148 1916 1164 1933 a
1178 1906 1333 1942 transeript
1347 1911 1396 1933 not
1411 1904 1547 1941 perfectly

173 1953 316 1989 accurate)
337 1953 365 1980 in
387 1953 434 1981 Sir
448 1953 577 1980 william
604 1953 748 1981 Bethani's
771 1954 878 1982 Feudal
894 1955 948 1982 and
974 1955 1200 1992 Parliamcntary
1222 1954 1372 1991 Dignities,
1396 1963 1421 1989 p.
1446 1953 1508 1984 262,
1525 1958 1549 1979 et

173 2007 289 2038 sequent.
318 2002 345 2029 It
359 2003 382 2029 is
396 2002 462 2030 here
476 2004 591 2040 printed
607 2005 648 2031 sor
664 2004 711 2032 the
727 2005 789 2032 first
805 2005 872 2032 time
886 2005 915 2032 in
931 2006 967 2033 its
981 2006 1101 2041 original
1115 2005 1195 2037 form,
1213 2005 1284 2032 from
1300 2004 1347 2031 the
1358 2004 1424 2041 only
1436 2003 1548 2030 ancient

174 2061 245 2088 copy
259 2051 351 2079 which
374 2052 397 2079 is
411 2052 524 2086 known,
548 2054 602 2081 and
625 2053 717 2081 which
740 2055 763 2082 is
784 2055 932 2091 preserved
955 2055 983 2082 in
1006 2055 1054 2083 the
1069 2054 1157 2082 Black
1172 2054 1251 2082 Book
1266 2054 1298 2081 of
1309 2053 1403 2081 Christ
1421 2051 1546 2082 Church,

1427 2103 1547 2135 Dublin,
