1731 2524
636 206 783 243 Ancimzt
806 207 838 241 T
836 213 1022 242 estaments.
1474 220 1484 241 1
1499 220 1507 240 1
1525 220 1533 241 1

152 303 281 339 cardus
299 302 408 337 habet
425 300 515 336 duos
533 299 657 347 ciphos
686 299 823 347 argenti
842 299 952 346 precii
967 298 1038 333 xvi.
1060 311 1083 333 s.
1134 299 1225 333 Item
1253 312 1362 334 unum
1393 301 1538 347 ciphum

154 369 318 398 vocatum
338 375 360 396 a
378 373 492 396 merser
513 359 651 407 argenti
668 359 817 407 ligatum
842 358 953 405 precii
971 358 1017 392 vi.
1045 370 1068 393 s.
1088 357 1160 404 viij
1177 357 1209 392 d.
1254 358 1345 393 Item
1361 365 1432 394 tres
1451 361 1538 396 ollas

154 435 258 458 eneas
270 421 380 469 precii
394 433 429 455 x.
447 432 469 455 S.
486 420 559 466 viij
580 419 613 453 d.
651 419 743 453 Item
756 424 826 453 tres
838 424 984 465 patenas
996 417 1107 465 precii
1120 418 1206 452 xvii.
1228 430 1251 452 s.
1287 419 1378 453 Item
1399 419 1539 456 diversa

152 482 316 518 utensilia
334 481 461 515 domus
475 480 586 527 precii
610 491 645 513 x.
667 491 690 514 S.
744 480 835 514 Item
867 479 904 513 in
928 478 989 513 filo
1014 478 1200 525 speciebus
1225 484 1262 513 et
1284 477 1360 513 aliis
1387 478 1536 514 diversis

151 541 391 578 mercimoniis
410 540 456 575 ad
474 539 630 574 valorem
651 538 752 573 xxix.
768 538 802 573 li.
823 538 897 585 xiij.
919 550 943 573 s,
963 538 1025 584 iiij
1039 537 1071 572 d.
1087 549 1127 572 ac
1142 537 1263 572 debita
1277 550 1346 584 que
1362 538 1540 574 debentur

151 603 248 638 dicto
267 600 422 636 Ricardo
434 599 638 635 extendimt
652 611 688 633 se
704 597 748 632 ad
767 604 911 633 centum
930 597 1072 632 solidos.

226 662 306 696 Hec
336 666 419 696 sunt
445 659 567 695 debita
581 672 650 706 que
669 658 851 706 predictus
871 658 1045 693 Ricardus
1065 657 1182 693 debet.
1226 658 1269 692 In
1288 657 1410 705 primis
1430 658 1538 694 debet

150 722 309 760 <Iohanni
328 722 478 756 Howlot
495 722 556 767 iiij.
578 733 602 755 s.
657 721 747 755 Item
770 720 877 755 debet
896 719 1041 754 senistre
1066 718 1273 766 campanilis
1297 730 1331 753 X.
1353 731 1377 752 s.
1445 719 1535 754 Item

150 783 284 818 lumine
306 782 426 818 Sancti
446 781 610 816 Nicholai
630 793 691 814 xx.
717 793 740 814 s.

965 829 1112 865 Summa
1129 828 1173 863 de
1192 828 1288 863 claro
1303 828 1431 862 xxxvi.
1453 828 1486 863 li.

963 889 1092 924 Porcio
1111 888 1272 923 defuncti
1290 888 1353 935 xij.
1374 888 1408 922 11.

226 954 268 988 In
295 953 364 988 Dei
383 952 524 987 nomine
554 964 657 987 amen
682 963 748 998 ego
777 950 977 985 antedictus
1004 949 1180 985 Ricardus
1208 949 1365 997 Donogli
1393 962 1538 996 compos

150 1013 278 1048 mentis
297 1012 415 1048 condo
433 1018 684 1047 testamentum
703 1023 821 1046 meum
852 1011 887 1045 in
907 1010 1003 1045 hunc
1034 1010 1193 1045 modum.
1248 1011 1291 1045 In
1314 1010 1438 1057 primis
1456 1010 1537 1057 lego

149 1073 301 1108 animam
326 1084 441 1107 meam
460 1072 538 1106 Deo
557 1071 648 1118 patri
667 1070 903 1117 omnipotenti
927 1082 1128 1117 corpusque
1158 1082 1277 1105 meiun
1305 1069 1350 1104 ad
1368 1070 1538 1116 sepelien-

150 1133 235 1168 dum
254 1133 290 1167 in
309 1132 483 1167 cimiterio
513 1131 660 1166 ecclesie
683 1131 803 1166 Sancti
823 1131 994 1166 Audoeni
1014 1130 1160 1165 Dublin.
1214 1131 1305 1165 Item
1332 1130 1413 1177 lego
1438 1130 1537 1177 quin-

150 1205 220 1239 que
240 1193 347 1227 libras
366 1204 446 1226 cere
463 1191 508 1226 ad
525 1190 707 1226 faciendos
726 1190 884 1236 quinque
904 1202 1025 1225 cereos
1039 1190 1085 1225 ad
1102 1189 1288 1237 ponendos
1303 1190 1397 1225 circa
1407 1202 1536 1237 corpus

150 1265 268 1288 meum
286 1258 391 1287 nocte
410 1251 644 1298 exequiarum
663 1256 699 1285 et
717 1249 774 1284 dic
794 1250 976 1296 sepulture
995 1262 1081 1285 mee.
1110 1251 1201 1284 Item
1219 1249 1300 1297 lego
1316 1250 1536 1296 reparacioni

149 1312 298 1348 ecclesie
316 1312 436 1348 Sancti
451 1310 622 1346 Audoeni
642 1324 672 1346 V.
693 1325 716 1346 s.
771 1313 860 1346 Item
880 1311 960 1359 lego
976 1311 1107 1346 rectori
1124 1311 1274 1346 ecclesie
1292 1311 1452 1358 predicte
1471 1324 1536 1358 pro

150 1372 297 1408 decimis
316 1372 436 1407 oblitis
454 1371 501 1417 iij.
521 1384 544 1406 s.
564 1371 624 1417 iiij.
644 1371 677 1406 d.
732 1372 822 1406 Item
850 1371 931 1419 lego
950 1371 1119 1406 fratribus
1147 1371 1341 1417 cujuslibet
1369 1371 1536 1406 ordinum

148 1432 433 1468 mendicancium
458 1431 595 1466 Dublin
623 1444 684 1465 xx.
713 1431 745 1465 d.
811 1432 901 1466 Item
924 1431 1005 1478 lego
1023 1431 1060 1465 111
1078 1443 1169 1478 pane
1197 1437 1234 1465 et
1263 1431 1412 1466 cervisie
1431 1438 1536 1466 nocte

149 1492 383 1538 exequiarum
404 1498 439 1526 et
457 1491 514 1525 die
535 1491 716 1537 sepulture
746 1503 903 1525 mearum
922 1491 1139 1537 pauperibus
1159 1490 1416 1526 distribuendis
1442 1492 1487 1526 vi.
1509 1505 1533 1526 s.

149 1553 221 1587 viii.
242 1552 275 1587 d.
342 1553 433 1586 Item
458 1551 539 1598 lego
568 1552 730 1586 Marione
760 1552 865 1586 uxori
894 1564 971 1586 mee
1001 1551 1221 1599 mesuagium
1250 1563 1370 1586 meum
1399 1551 1435 1586 in
1464 1564 1536 1598 quo

149 1613 310 1648 inhabito
326 1624 406 1647 011111
427 1612 591 1646 omnibus
611 1612 683 1646 suis
702 1613 930 1659 pertinenciis
942 1612 1147 1648 habendum
1163 1620 1199 1648 et
1211 1613 1404 1648 tenendum
1418 1614 1532 1648 eidem

149 1673 311 1708 Marione
335 1672 380 1707 ad
398 1672 589 1706 terminum
609 1672 680 1706 vite
700 1685 769 1707 sue.
837 1674 883 1707 Et
912 1673 940 1707 si
969 1672 1152 1720 contingat
1183 1672 1314 1708 dictam
1336 1673 1535 1708 Marionem

148 1733 313 1769 incedere
332 1733 367 1767 in
385 1738 631 1779 paupertatem
651 1732 710 1767 vel
727 1733 882 1780 inopiam
915 1740 999 1767 tunc
1024 1733 1106 1767 volo
1135 1732 1233 1779 quod
1264 1732 1441 1768 vendatur
1459 1746 1534 1780 pre—

150 1794 283 1829 dictum
303 1793 522 1840 mesuagium
552 1792 609 1827 vel
634 1792 669 1827 in
688 1793 847 1841 plegium
871 1800 1033 1840 ponatur.
1094 1793 1156 1829 Sin
1180 1799 1298 1828 autem
1326 1793 1410 1828 volo
1437 1793 1532 1839 quod

149 1859 329 1888 remaneat
340 1852 498 1888 ‘Iohanni
512 1852 667 1899 Donogh
686 1853 760 1888 filio
778 1866 858 1889 meo
877 1854 1009 1889 sibene
1028 1854 1205 1901 gubernat
1222 1865 1258 1888 se
1277 1865 1361 1901 erga
1385 1859 1532 1888 matrem

150 1926 258 1948 suam.
297 1912 359 1948 Sin
378 1919 495 1948 autem
516 1913 598 1947 volo
610 1913 707 1959 quod
720 1914 839 1949 Alicia
857 1914 929 1949 filia
946 1926 1025 1949 mea
1039 1914 1169 1949 habeat
1180 1913 1381 1960 predictum
1401 1925 1533 1948 mesua-

149 1975 245 2021 gium
266 1974 331 2008 sibi
350 1980 386 2008 et
403 1974 596 2021 heredibus
625 1975 696 2010 suis
728 1988 809 2010 cum
829 1976 994 2011 omnibus
1026 1976 1097 2010 suis
1115 1975 1344 2023 pertinenciis
1363 1982 1403 2010 ut
1427 1988 1532 2021 supra

149 2035 283 2070 dictum
295 2041 357 2068 est.
392 2035 438 2069 Et
450 2035 478 2069 si
491 2035 674 2083 contingat
686 2036 886 2082 predictum
906 2036 1109 2072 ‘Iohannem
1129 2043 1164 2071 et
1183 2036 1337 2071 Aliciam
1358 2035 1530 2070 decedere

148 2096 280 2141 absque
299 2094 420 2128 liberis
440 2094 483 2128 de
503 2094 574 2129 suis
593 2095 802 2141 corporibus
822 2095 903 2130 volo
918 2096 1015 2141 quod
1034 2102 1215 2131 remaneat
1239 2095 1388 2130 servicio
1411 2095 1530 2129 altaris

1409 2155 1526 2189 sancti
