1731 2524
629 187 691 222 De
716 187 878 222 Concilio
900 185 1089 220 Hiber-nie.
1503 199 1544 233 19

168 281 388 328 insequendo
400 280 579 327 necligens
590 279 699 314 fuerit
710 279 767 314 vel
778 279 945 314 remissus
959 289 1043 325 erga
1055 277 1238 311 dominum
1252 289 1372 324 regem
1390 279 1546 325 ἱ(3111311101

167 341 342 388 puniatur,
362 347 397 375 et
411 340 485 375 leso
503 346 639 387 partem
657 340 709 375 rei
727 339 866 387 perdite
879 338 1043 373 restituat
1053 338 1159 383 juxta
1170 337 1310 383 culpam
1326 337 1544 384 necligcncie

167 401 221 436 sui
239 400 297 435 vel
314 400 540 442 remissionis,
556 407 591 435 et
604 400 799 435 secundum
812 398 1067 435 discrecionem
1076 397 1264 444 justiciarii
1278 397 1323 432 ad
1338 397 1542 443 hujusmodi

166 460 347 506 querelam
365 460 579 495 audiendam
597 460 773 507 assignati.

241 520 333 565 Quia
351 520 462 555 eciam
476 521 710 556 communitas
730 527 822 555 terre
842 519 948 566 hujus
960 518 1112 553 multum
1131 517 1303 552 hactenus
1315 524 1459 564 gravata
1477 517 1545 553 suit

165 592 229 626 per
247 580 447 615 excercitus
468 591 557 626 (11105
583 586 765 627 magnates
792 579 975 613 duxerunt
1006 577 1081 611 sine
1109 583 1268 611 waranto
1297 589 1360 623 per
1386 577 1543 611 medium

166 645 259 673 terre
278 639 372 686 pacis
391 646 426 674 et
445 639 680 674 marchiarum
699 639 762 674 ubi
779 650 906 685 guerra
931 650 1001 672 non
1021 636 1097 672 fuit.
1150 636 1419 672 Concordatum
1439 643 1492 671 est
1510 644 1545 671 et

165 711 371 734 concessum
385 699 482 746 quod
494 700 583 734 nulli
597 699 719 734 licebit
731 698 775 733 de
787 705 906 734 cetero
921 697 1139 732 excercitum
1153 697 1283 732 ducere
1299 704 1401 732 extra
1415 705 1543 733 terram

167 770 274 799 suam,
294 758 361 793 nisi
388 771 494 806 super
520 759 588 794 hoc
616 760 801 795 licenciam
829 772 849 794 a
867 758 1009 806 capitali
1034 757 1233 804 justiciario
1260 757 1318 793 vel
1339 758 1543 793 mandatum

166 818 331 853 habuerit
359 819 521 866 speciale,
544 826 580 854 et
598 826 683 854 tunc
708 832 831 854 01111105
850 825 1028 866 quotquot
1054 818 1201 853 duxerit
1218 818 1416 865 percipient
1441 819 1543 853 vadia

167 891 229 913 sua
247 878 290 914 de
316 891 379 914 suo
399 879 556 915 ductore.
610 880 680 925 Qui
700 888 818 916 autem
836 880 921 915 huic
940 879 1160 914 ordinacioni
1175 879 1439 914 contravenerit
1462 892 1546 927 erga

166 938 349 974 dominum
368 952 488 987 regem
512 941 667 988 graviter
684 941 861 987 puniatur,
884 947 920 975 et
937 940 1019 974 lesis
1039 939 1192 985 dampna
1209 939 1373 975 restituet
1391 940 1546 974 taxanda

166 1012 230 1046 per
248 1000 425 1035 visnetum
441 1007 710 1048 competentem.

241 1060 324 1095 Fuit
341 1060 453 1095 eciam
476 1060 600 1095 eadem
628 1061 863 1096 communitas
885 1059 1096 1094 multociens
1119 1063 1264 1105 gravata
1282 1069 1346 1104 per
1363 1065 1546 1105 magnates

166 1127 202 1155 et
220 1120 305 1155 alios
319 1120 492 1156 habentes
505 1122 678 1157 Kaernias
690 1122 852 1157 xiventes
866 1121 1034 1156 continue
1054 1118 1254 1166 sumptibus
1273 1117 1406 1159 31101115,
1426 1119 1546 1153 tamin

166 1180 331 1215 marchiis
350 1193 456 1226 quam
474 1182 511 1216 in
530 1188 623 1216 terra
646 1181 752 1228 pacis,
775 1193 839 1228 per
866 1179 963 1227 quod
989 1178 1142 1226 populus
1160 1177 1391 1212 vehementer
1417 1184 1470 1212 est
1489 1178 1546 1213 de-

164 1247 388 1288 pauperatus,
407 1254 514 1289 super
541 1254 613 1288 quo
640 1241 894 1277 concordatum
922 1246 975 1275 est
1003 1246 1038 1274 et
1061 1249 1278 1279 0011005511111,
1304 1236 1402 1282 (1110(1
1425 1236 1545 1271 nullus

165 1300 210 1335 de
228 1307 347 1336 cetero
366 1302 611 1348 cujuscunque
630 1302 737 1337 fuerit
755 1300 974 1336 auctoritatis
992 1298 1050 1334 Vel
1068 1297 1289 1333 condicionis
1303 1302 1423 1331 teneat
1437 1297 1546 1331 Kaer-

165 1359 239 1394 nias
259 1371 321 1394 5011
335 1359 496 1395 homines
515 1361 652 1395 ociosos
666 1360 786 1407 plures
805 1366 865 1395 aut
884 1359 971 1394 alios
989 1370 1096 1405 quam
1114 1357 1265 1404 ipsemet
1282 1356 1415 1403 poterit
1433 1363 1469 1391 et
1487 1369 1545 1391 vo-

164 1420 271 1455 luerit
285 1419 329 1455 de
342 1432 405 1455 suo
419 1420 564 1467 proprio
579 1421 762 1462 sustinere,
775 1433 841 1455 nec
855 1419 983 1466 aliquis
994 1416 1202 1465 hujusmodi
1216 1416 1401 1451 hominum
1414 1416 1546 1451 ocioso-

164 1492 243 1514 rum
255 1480 391 1527 aliquid
405 1480 449 1515 de
462 1488 581 1515 cetero
601 1481 717 1527 capiat
735 1481 779 1515 ab
791 1481 910 1527 aliquo
923 1479 1041 1514 w'cino
1053 1477 1188 1512 domini
1201 1477 1254 1511 sui
1268 1482 1329 1511 aut
1342 1476 1411 1510 alio
1424 1483 1548 1511 contra

166 1540 383 1575 voluntatem
404 1540 585 1575 donatoris
600 1553 671 1575 non
686 1546 858 1583 coactam3
886 1538 983 1585 quod
1003 1538 1031 1572 si
1049 1537 1110 1572 fiat
1129 1536 1173 1571 de
1193 1542 1312 1571 cetero
1330 1536 1390 1571 ille
1409 1535 1471 1582 qui
1485 1535 1547 1570 hu-

160 1601 319 1647 jusmodi
337 1601 474 1636 ociosos
490 1601 644 1636 tenuerit
659 1601 815 1647 graviter
832 1600 1000 1647 puniatur
1014 1611 1078 1646 per
1094 1597 1341 1644 justiciarium,
1362 1596 1547 1632 vicecomi-

165 1667 234 1695 tem
251 1668 286 1696 et
305 1661 535 1696 senescallum
552 1668 587 1696 01
605 1662 686 1696 10515
703 1661 854 1709 dampna
873 1660 1046 1701 restituat,
1059 1665 1094 1694 et
1112 1658 1251 1693 ociosus
1263 1657 1322 1692 1110
1335 1657 1494 1704 capiatur
1512 1666 1547 1691 et

164 1721 417 1768 imprisonctur
429 1733 615 1767 quousque
627 1720 781 1767 graciam
796 1732 816 1755 a
829 1719 927 1754 curia
941 1718 1076 1753 domini
1087 1717 1180 1764 regis
1191 1715 1361 1751 meruerit
1375 1715 1544 1762 optinere,

166 1793 231 1816 nec
250 1781 324 1816 sine
343 1781 485 1828 plcvina
505 1782 603 1828 quod
616 1783 707 1817 bene
727 1794 763 1816 se
781 1787 882 1829 geret
896 1780 931 1815 in
950 1786 1131 1827 posterum
1147 1777 1376 1813 dimittatura
1395 1776 1544 1824 prisona.

238 1843 460 1889 Frequenter
477 1843 589 1878 eciam
617 1842 752 1877 selones
784 1840 983 1889 lbeernici
1005 1838 1050 1874 ad
1074 1837 1208 1873 scelera
1225 1835 1462 1884 perpetranda
1479 1834 1544 1869 for-

163 1904 275 1938 ciores
295 1909 375 1938 sunt
394 1902 509 1938 effecti
530 1915 593 1950 per
611 1902 688 1943 hoc,
708 1901 805 1949 quod
823 1913 903 1936 cum
923 1900 968 1936 ad
985 1911 1148 1947 guerram
1167 1897 1371 1933 fuerintve]
1389 1897 1541 1942 aliquem

164 1962 354 1997 intendunt
372 1961 565 2003 destrucre,
584 1963 797 2010 perquirunt
816 1962 932 1997 trebas
952 1973 1014 1995 5011
1040 1967 1181 2007 treugas
1200 1971 1264 2005 per
1282 1956 1453 2003 quosdam
1469 1957 1543 1991 An-

162 2021 274 2069 glicos
297 2021 341 2056 dc
365 2022 490 2057 vicinis
520 2023 591 2057 suis
617 2023 683 2058 sibi
715 2023 791 2058 dari
816 2035 880 2070 per
904 2028 1041 2056 certum
1073 2027 1223 2066 tempus,
1242 2026 1281 2053 ut
1309 2016 1481 2063 integrius
1508 2023 1541 2051 et

164 2081 320 2116 securius
340 2094 463 2117 vacare
488 2083 623 2129 possint
647 2083 692 2118 ad
717 2083 803 2118 alios
828 2082 964 2117 vicinos
989 2094 1071 2116 suos
1090 2077 1334 2118 destruendos,
1354 2089 1442 2123 quos
1461 2088 1541 2111 cum

819 2141 849 2171 D
868 2152 883 2173 2
1298 2135 1542 2171 destruxerint
