1731 2524
493 225 660 273 Pediyree
677 225 717 274 qf
723 225 857 261 Βορέαν
872 225 1047 261 Domm'clc
1065 224 1193 273 Lywelc.
1484 238 1503 272 7
1509 239 1527 273 3

147 320 247 357 scripsi
258 328 355 346 meum
367 322 572 346 testamentum
584 318 642 345 sive
652 317 786 345 ultimam
801 317 989 350 voluntatem,
1006 317 1035 344 in
1052 327 1110 345 uno
1124 322 1264 354 quaterno
1278 317 1380 354 papiri,
1391 318 1421 344 in
1435 328 1530 345 mense

145 368 220 396 Julii
235 368 321 395 Anno
336 366 452 394 Domini
473 366 624 393 millesimo
645 366 875 402 quingentesimo
893 377 900 399 ς
922 370 951 393 ct
972 365 1055 405 niodo
1076 365 1141 393 volo
1162 365 1239 402 quod
1260 365 1337 393 dicto
1359 375 1420 393 meo
1442 371 1527 394 testa-

145 424 241 445 mento
255 417 284 444 in
295 416 429 444 omnibus
439 420 541 449 stetur,
553 421 582 443 et
596 416 700 452 ipsum,
713 425 791 443 nunc
803 416 941 452 languens
956 415 985 442 in
997 415 1142 447 extremis,
1154 415 1289 451 approbo,
1301 415 1412 441 ratifico
1423 420 1451 442 et
1464 425 1529 442 con-

144 467 226 494 firmo
240 466 476 498 irrevocabiliter,
492 475 627 493 revocans
641 475 753 493 omnem
775 466 859 493 aliam
874 465 1056 493 voluntatem
1071 470 1158 501 atque
1179 468 1425 496 testamentatum,
1443 475 1528 502 super

145 516 206 548 feci,
222 520 251 543 et
265 515 333 542 siin
347 515 484 542 futurum
499 514 590 542 facere
610 514 683 547 volo,
700 514 778 550 quod
799 524 855 541 non
879 513 983 541 habeat
1004 513 1140 541 effectum
1162 523 1255 549 neque
1275 514 1385 547 robur3
1408 519 1451 541 set
1465 514 1528 541 volo

145 565 220 601 quod
234 570 450 602 perseveranter
460 568 489 592 et
498 564 682 592 inviolabiter
699 565 870 592 observetur
888 563 1000 591 dictum
1019 572 1116 591 meum
1140 567 1354 595 testamentum,
1365 572 1453 590 manu
1468 573 1529 590 mea

143 614 260 651 propria
274 614 414 651 scripturn
431 623 436 641 :
458 618 488 641 et
509 613 657 647 constitui,
674 613 703 640 in
726 613 803 640 dicto
826 617 1006 645 testamento,
1024 611 1209 639 Dominicum
1224 610 1342 649 Lynche
1362 621 1458 639 meum
1473 612 1528 639 fra-

143 669 226 696 trem,
252 668 280 690 et
302 663 452 690 Evelinam
475 662 549 690 Blak
571 672 662 690 meam
684 671 814 693 uxorem,
843 671 921 689 meos
945 665 1133 694 executorem
1156 665 1185 688 et
1207 660 1389 698 Stephanum
1411 661 1528 699 Lynche

143 712 237 739 filium
253 711 324 739 dicti
339 711 484 739 Dominici
499 711 709 748 supervisorem
724 711 796 738 dicti
811 710 984 738 testamenti.
1027 710 1066 737 Et
1079 709 1163 737 modo
1178 710 1245 746 quia
1260 709 1337 737 dicta
1351 709 1472 737 Evelina
1486 720 1528 737 re-

143 766 225 789 cusat
238 761 299 788 fore
313 761 513 793 executriceni,
531 760 653 787 instituo
668 760 759 787 dictos
775 760 961 787 Dominicum
975 764 1004 787 et
1020 759 1200 796 Stephanum
1216 769 1291 787 meos
1306 764 1483 793 executores,
1499 766 1527 787 et

142 810 207 837 volo
216 809 292 847 quod
302 810 364 847 ipsi,
372 810 529 837 secundum
541 820 640 838 eorum
650 810 878 842 discrcccionem,
888 814 1071 846 exequentur
1080 809 1193 836 dictum
1204 818 1302 836 meum
1313 813 1527 841 testamentum,

142 865 171 887 et
185 860 208 887 si
223 859 361 896 quicquid
375 870 527 887 erroneum
542 860 614 887 inibi
628 860 797 897 repererint,
821 860 884 887 volo
908 859 985 896 quod
1000 859 1055 896 ipsi
1070 859 1100 886 id
1114 863 1257 891 revocent,
1274 863 1362 894 atque
1376 858 1406 885 in
1426 857 1528 885 melius

143 914 329 942 commutent,
341 914 428 946 prout
443 919 542 937 eorum
557 909 740 937 discreccioni
751 910 910 941 videbitur,
919 914 948 937 et
957 909 1092 937 ordinent
1101 914 1188 945 atque
1198 908 1351 945 disponent
1359 912 1464 935 cuncta
1473 917 1529 944 que

143 959 203 986 illic
219 969 277 986 non
294 964 363 987 sunt
381 959 535 996 disposita:
557 964 586 987 et
600 960 665 987 volo
690 960 767 996 quod
782 960 835 996 ipsi
851 963 997 996 exponent
1012 963 1041 986 et
1059 959 1291 995 interpretentur
1304 966 1372 984 vera
1393 956 1489 989 dubia,
1507 956 1529 984 si

143 1019 200 1045 qua
219 1014 288 1036 sunt
308 1009 337 1036 in
353 1009 430 1037 dicto
444 1014 622 1037 testamento.
664 1010 703 1037 Et
718 1010 878 1046 specialiter
893 1009 1003 1037 ratifico
1017 1008 1201 1036 donacionem
1216 1017 1302 1044 quam
1317 1006 1371 1034 feci
1394 1016 1446 1043 pro
1465 1016 1527 1033 sus-

143 1058 303 1086 tentacione
317 1058 416 1085 altaris
437 1063 532 1085 sancte
554 1058 701 1091 Katerine,
718 1063 746 1086 et
762 1058 916 1086 sacerdotis
941 1058 1047 1086 ibidem
1072 1057 1263 1085 celebrantis:
1285 1061 1374 1093 prout
1397 1056 1426 1083 in
1450 1061 1528 1083 carta

143 1106 266 1142 desuper
279 1106 415 1139 confecta,
438 1111 467 1133 et
481 1115 569 1133 manu
582 1106 690 1133 notarii
704 1106 815 1143 publici
836 1106 950 1143 scripta,
967 1111 996 1134 et
1016 1116 1078 1133 meo
1093 1106 1189 1142 sigillo
1204 1105 1328 1142 sigillata
1342 1105 1457 1142 plenius
1476 1115 1524 1142 ap·

142 1160 231 1191 paret.
272 1154 420 1191 Scriptum
436 1155 545 1188 Galvie,
560 1155 694 1183 vicesimo
713 1156 806 1192 primo
822 1155 868 1183 die
882 1155 987 1183 mensis
1002 1155 1142 1192 Augusti,
1159 1154 1230 1182 hora
1244 1154 1414 1191 vespertina,
1438 1155 1526 1182 Anno

145 1205 261 1232 Domini
284 1205 436 1233 millesimo
460 1205 690 1242 quingentesimo
720 1205 849 1242 septimo,
875 1205 932 1233 hiis
958 1205 1082 1233 testibus
1106 1205 1298 1242 presentibus,
1324 1204 1378 1232 viz.
1412 1204 1526 1232 domino

145 1254 254 1281 Thomu
269 1253 393 1291 Molgan,
418 1259 488 1282 tunc
511 1255 677 1288 Wardiano,
698 1255 813 1283 domino
828 1255 847 1283 J
850 1255 960 1283 ohanne
988 1256 1128 1283 O'Donna
1150 1256 1318 1292 presbitero,
1344 1265 1376 1283 ac
1390 1256 1528 1292 magistro

145 1304 254 1331 Thema
270 1304 309 1331 M⁰
322 1304 436 1342 Sconyn
450 1305 605 1337 baculario,
621 1305 737 1333 domino
751 1306 882 1334 Waltero
897 1306 1021 1344 Coysyn,
1043 1316 1075 1333 ac
1094 1305 1178 1333 dictis
1197 1305 1347 1333 Dominico
1367 1305 1484 1343 Lynche
1499 1311 1527 1333 et

144 1353 289 1390 Stephano
319 1364 350 1381 ac
372 1354 499 1382 Robcrto
519 1355 588 1382 alias
610 1355 710 1391 Robog
730 1355 789 1383 filio
811 1355 952 1383 (Iohannis
982 1355 1108 1393 Lynche,
1131 1355 1294 1390 Margareta
1325 1354 1443 1393 Lynche
1467 1354 1526 1382 filia

145 1402 285 1430 Johannis
301 1403 425 1441 Lynche,
442 1409 471 1431 et
485 1404 585 1431 multis
600 1404 671 1431 aliis.

714 1466 730 1478 “
740 1463 762 1489 Ι.
774 1463 811 1490 Η.
826 1463 854 1490 S.
870 1463 969 1490 Maria,

340 1515 357 1527 ‘⁴
368 1512 406 1539 Et
420 1522 471 1548 ego
486 1522 553 1539 vero
569 1511 702 1540 Mattheus
718 1513 826 1540 Lorcan
841 1513 963 1540 clericus
977 1512 1214 1540 Enachdunensis
1230 1512 1366 1545 Diocesis,
1382 1513 1525 1549 publicus,

398 1562 572 1589 auctoritate
586 1562 740 1598 imperiale,
756 1562 895 1593 notarius,
911 1561 978 1598 quia
992 1561 1110 1598 prefatis
1125 1561 1258 1588 omnibus
1273 1565 1302 1588 et
1317 1561 1439 1598 singulis
1458 1561 1526 1589 dum

399 1611 438 1639 sie
459 1617 493 1638 ut
514 1611 697 1648 premittitur
711 1616 876 1648 agerentur,
893 1611 1060 1639 dicerentur
1073 1614 1102 1638 et
1116 1610 1217 1638 fierent
1233 1620 1291 1637 una
1304 1620 1370 1638 cum
1385 1612 1528 1648 prenomi-

399 1661 473 1688 natis
488 1661 612 1688 testibus
627 1670 744 1698 presens
760 1661 889 1693 interfui,
906 1670 994 1697 eaque
1009 1660 1104 1687 omnia
1119 1663 1147 1687 et
1162 1659 1276 1696 singula
1293 1660 1333 1687 sic
1347 1653 1409 1687 fieri
1424 1660 1484 1687 vidi
1498 1666 1527 1688 et

398 1711 504 1742 audivi,
516 1710 635 1747 ideoque
650 1720 765 1748 presens
780 1710 932 1747 publicum
948 1710 1176 1737 instrumentum
1192 1707 1303 1736 inhanc
1314 1708 1461 1745 publicam
1471 1708 1526 1735 sor-

403 1771 477 1788 mam
492 1761 609 1797 reddcgi
625 1761 706 1797 signo
727 1766 755 1788 et
776 1760 891 1788 nomine
905 1760 975 1787 meis
990 1759 1082 1787 solitis
1097 1763 1126 1786 et
1140 1759 1284 1786 consuetis
1309 1758 1428 1796 signavi,
1444 1768 1526 1790 anno,

399 1810 453 1843 die,
469 1820 565 1838 mense
574 1815 603 1838 et
618 1811 679 1838 loco
694 1811 801 1847 quibus
812 1819 908 1847 supra,
920 1814 1038 1845 rogatus
1053 1813 1082 1836 et
1097 1808 1263 1844 requisitus,
1274 1807 1304 1835 in
1313 1808 1396 1835 fidem
1407 1812 1435 1835 et
1448 1808 1526 1835 testi-

401 1860 528 1887 monium
544 1860 672 1887 omnium
688 1865 716 1887 et
731 1859 913 1896 singulorum
928 1858 1165 1896 premissorum.’'

205 1949 266 1976 The
276 1949 390 1977 charter
404 1949 437 1976 of
446 1949 627 1976 endowmcnt
641 1949 673 1976 of
683 1949 734 1976 the
747 1949 822 1976 altar
836 1949 868 1976 of
879 1948 921 1976 St.
937 1948 1099 1982 Catherine,
1116 1949 1243 1977 referred
1258 1953 1287 1976 to
1301 1948 1357 1976 und
1371 1946 1524 1975 confirmed

147 1999 185 2036 by
200 1998 249 2025 the
264 1998 409 2035 forcgoing
424 1998 608 2031 instrument,
624 1999 707 2026 bears
721 1997 787 2026 (late
801 1997 854 2034 9th
869 1997 936 2025 Feb.
952 1998 988 2025 A.
1007 1997 1041 2025 D.
1066 2005 1146 2034 1494
1163 1997 1218 2025 and
1229 1998 1252 2025 is
1267 1997 1335 2024 here
1349 1997 1432 2033 given
1453 1996 1525 2022 from

149 2046 198 2074 the
211 2046 341 2083 original,
356 2047 414 2074 also
429 2046 580 2083 preserved
594 2046 624 2074 in
639 2045 689 2074 the
703 2056 778 2073 same
794 2046 926 2083 Library.

212 2155 300 2175 IRISH
319 2155 413 2175 ARCH.
431 2155 491 2175 soc¹
510 2155 650 2176 nuscum„
668 2155 735 2175 vor,¹
754 2156 774 2176 1.
933 2145 955 2172 L
1388 2152 1405 2162 “
1417 2148 1436 2174 1.
1451 2147 1486 2174 11.
1498 2148 1527 2174 S.
