1731 2524
163 243 207 275 80
505 238 673 286 Pedigyree
693 237 874 284 (ngoetor
889 236 1059 272 Dowmiclc
1078 236 1206 283 Lynelz.

161 342 251 359 arum.
293 331 367 358 Item
382 331 574 363 donacionem,
597 340 682 367 quam
697 329 751 357 feci
775 329 805 355 in
830 329 938 365 scripto
953 330 1007 356 sub
1030 338 1117 356 manu
1132 329 1285 356 Williehni
1300 329 1416 366 Molgan
1431 329 1542 366 publici

159 381 273 412 notarii,
289 380 400 417 prefato
416 379 561 416 Stephano
576 389 637 407 meo
656 378 761 410 heredi,
779 387 845 405 cum
859 378 1008 405 nonnullis
1035 378 1159 405 testibus
1174 382 1203 405 et
1218 388 1280 405 meo
1295 378 1406 414 signeto
1421 378 1542 405 affirma-

160 436 217 457 tam
240 429 274 456 de
299 434 377 456 certa
391 438 502 456 summa
516 429 542 456 al
557 449 652 455 .....
668 428 736 459 enis,
753 436 804 464 per
820 426 983 454 Gabrielem
1006 427 1040 454 de
1056 426 1204 463 Radolpho
1219 432 1406 454 mercatorem
1423 427 1541 454 Floren-

158 479 253 505 tinum
269 477 304 504 ad
318 477 483 504 Bristoliam
507 477 616 504 directa
637 477 671 503 de.
687 475 838 512 Plonfflyn,
854 484 932 502 nunc
954 475 1048 503 denuo
1069 475 1186 503 eandem
1201 476 1310 503 affirmo
1325 481 1411 513 atque
1433 476 1542 504 ratifico

158 528 342 554 donacionem
363 526 454 554 eidem
480 527 625 563 Stephano
649 526 761 557 factam,
788 524 948 552 secundum
973 525 1176 552 discrecionem
1198 535 1327 553 meorum
1342 531 1541 558 executorum,

161 582 249 615 prout
272 586 334 604 mea
347 577 421 604 bona
436 587 464 604 se
479 577 612 604 existant.
654 576 727 603 Item
742 575 836 602 omnio
851 575 906 602 aiia
927 579 1099 603 testamenta
1122 584 1173 612 per
1197 585 1242 602 me
1266 576 1348 607 faeta,
1376 577 1464 603 verbo
1490 580 1542 603 aut

161 627 276 662 scripto,
300 629 396 662 preter
420 625 500 653 istud
523 629 730 652 testamentum
754 633 849 650 meum
871 624 1018 656 ultimum,
1044 624 1121 660 quod
1145 624 1259 651 condidi
1284 634 1349 652 cum
1374 625 1486 652 ratione
1510 630 1539 652 et

162 675 298 703 memoria
312 675 445 710 perfecta,
462 674 496 701 ad
511 674 601 710 ipsius
615 683 699 700 revoc
713 690 830 700 ......
846 677 875 699 et
888 672 969 699 nullo
984 673 1089 700 effectu
1115 672 1219 700 habere
1235 673 1299 700 volo
1314 674 1538 710 imperpetuum.

161 726 310 762 Scriptum
327 724 427 752 Galvie
441 734 523 756 anno,
540 733 642 756 mense,
658 723 704 751 die
726 722 907 759 supradictis,
923 732 974 759 per
996 733 1040 750 me
1063 723 1234 759 magistrum
1250 723 1424 750 Maurieium
1441 733 1541 760 supra-

163 775 314 811 scriptum,
330 783 423 801 coram
438 772 651 809 prenominatis.

222 827 239 838 ‘⁶
254 824 293 850 Et
307 832 357 850 nos
372 821 531 858 supradicti
545 821 774 858 archiepiscopus
789 826 818 849 et
832 822 965 858 episcopi,
980 821 1054 848 facta
1069 821 1260 858 applicacione
1273 821 1441 857 hujusmodi
1456 826 1541 848 testa-

161 872 250 899 menti
264 875 298 899 ut
312 881 398 907 supra
412 870 558 901 scribitur,
575 870 708 896 omnibus
722 869 886 903 heredibus,
903 870 1105 897 co-heredibus
1128 880 1159 897 ac
1174 871 1381 897 executoribus
1398 870 1541 897 Dominici

161 920 278 958 Lynche
299 919 452 951 testatoris,
473 918 647 955 precipimus
668 923 697 945 ct
720 919 888 946 mandamus
912 919 1084 946 auctoritate
1109 919 1281 955 supradicta,
1298 924 1442 955 quatenus
1467 919 1542 946 infra

160 970 190 996 vi
204 969 263 996 dies
274 979 289 996 a
304 969 349 996 die
359 968 564 1005 publicacionis
579 968 766 1004 presencium,
782 968 904 1004 hujusce
913 969 1115 1005 approbacioni
1130 968 1296 995 testamenti
1308 969 1404 1004 quiete
1419 974 1448 996 et
1465 969 1541 1005 paci-

161 1017 213 1044 fice
227 1017 360 1044 obediant
374 1022 403 1044 et
417 1017 604 1053 acquiescant,
622 1017 671 1052 qui
687 1016 709 1043 si
725 1017 867 1044 mandatis
881 1016 987 1043 nostris
1003 1026 1059 1043 non
1073 1016 1208 1044 obediant
1223 1017 1430 1050 inobedientes,
1446 1018 1491 1045 vel
1506 1023 1541 1045 ut

161 1067 241 1093 nobis
259 1066 453 1093 inobedientes
467 1065 582 1102 elapssis
607 1064 691 1092 dictis
711 1065 741 1092 vi
765 1065 875 1097 diebus,
892 1064 1081 1092 ecclesiastico
1105 1074 1156 1101 per
1180 1070 1327 1101 presentes
1351 1066 1541 1102 subponimus

162 1115 323 1142 interdicto.
355 1115 463 1142 Actum
475 1119 503 1142 et
519 1114 703 1141 testificatum
720 1114 827 1147 Galvie,
839 1124 920 1146 anno,
932 1123 1035 1146 mense,
1049 1114 1094 1141 die
1109 1114 1231 1150 quiebus
1243 1124 1337 1151 supra.
1368 1115 1402 1141 In
1417 1125 1540 1151 quorum

161 1165 288 1191 omnium
303 1169 332 1192 et
345 1164 527 1201 singulorum
541 1163 625 1191 fidem
637 1168 666 1190 et
675 1164 880 1195 testimonium,
893 1163 1062 1199 hujusmodi
1076 1164 1238 1191 testamenti
1249 1174 1300 1200 per
1315 1174 1365 1191 nos
1381 1166 1539 1201 approbati,

161 1214 333 1250 transcripto
348 1214 441 1250 sigilla
455 1217 552 1240 nostra
566 1213 759 1249 apposuimus,
776 1223 842 1240 cum
857 1213 1068 1249 subscriptione
1082 1223 1222 1240 manuum
1238 1218 1410 1241 nostrarum.

357 1267 374 1278 “
390 1264 520 1291 ΤΗΟΜΑ5
536 1263 713 1295 Tuamensis,
729 1273 817 1290 manu
831 1263 954 1300 propria.

359 1316 376 1328 “
392 1313 559 1345 Qmmmus
574 1312 721 1348 episcopus
737 1312 894 1344 Cluanesis,
911 1321 998 1338 manu
1015 1312 1137 1348 propria.

359 1366 376 1378 “
391 1362 430 1389 Et
445 1371 495 1388 nos
507 1361 602 1388 dietus
616 1362 785 1389 MAumcms
798 1361 895 1389 eadem
910 1361 1004 1397 gratia
1013 1361 1162 1398 episcopus
1177 1361 1382 1398 Fyuiborensis
1398 1371 1463 1388 cum
1478 1371 1540 1397 pre-

431 1410 516 1437 dictis
530 1410 761 1447 approbavimus,
777 1420 878 1437 manus
890 1410 1014 1447 propria.

357 1465 374 1475 *⁸
390 1460 559 1487 CORNELIUS
574 1464 743 1496 procurator
758 1460 882 1497 episcopi
898 1459 1088 1496 Elphenensis
1099 1459 1226 1496 Georgii,
1242 1469 1344 1487 manus
1358 1460 1480 1496 propria.

357 1514 374 1524 “
389 1509 542 1536 ΜΑΤΗΕυ5
558 1508 724 1535 Duacensis.

356 1564 373 1575 “
389 1561 427 1587 Et
443 1570 493 1586 nos
508 1559 603 1586 dictus
615 1559 848 1586 BONAVENTURA
863 1558 960 1586 eadem
974 1558 1067 1594 gratia
1078 1558 1227 1594 episcopus
1238 1557 1384 1584 Rossensis
1399 1567 1464 1584 cum
1477 1567 1539 1593 pre-

414 1609 498 1635 dictis
512 1608 633 1635 dominis
648 1608 847 1644 approbamus,
863 1617 950 1634 manu
964 1607 1088 1643 propria.

359 1663 375 1672 ‘⁸
391 1658 554 1684 CORMACUS
569 1657 717 1694 episcopus
733 1657 894 1689 Aiadensis,
910 1666 996 1683 manu
1012 1656 1136 1692 propria.

357 1712 373 1721 ¹*
389 1707 449 1743 Ego
464 1707 552 1734 frater
567 1707 706 1734 CLEMENS
718 1707 848 1737 OcEALL,
859 1706 1044 1743 gerardianus
1056 1706 1090 1732 de
1104 1705 1248 1732 Kilkonan
1264 1704 1461 1731 testimonium
1476 1714 1537 1740 per-

432 1754 530 1781 hibere
544 1754 685 1789 veritatis,
700 1764 787 1781 manu
802 1754 925 1791 propria.

357 1809 374 1818 ⁴⁵
391 1804 493 1830 ENEAS
508 1804 594 1830 abbas
609 1803 644 1830 de
657 1804 766 1840 Cunga,
780 1813 881 1831 manus
892 1804 1015 1840 propria.

357 1856 373 1867 ⁵*
390 1853 516 1879 Padinus
530 1858 699 1889 procurator
714 1854 844 1881 chARm
856 1854 1035 1880 ALAnENffis.

356 1905 372 1916 “
386 1902 551 1929 Difinitores
566 1903 594 1929 vi
607 1903 656 1939 qui
668 1903 709 1930 ita
724 1924 862 1931 .......
878 1904 916 1930 sic
932 1913 963 1930 re
978 1922 1135 1929 ........

358 1954 375 1965 ‘⁴
390 1950 549 1977 Pmnmrus
565 1951 605 1977 Me
618 1951 726 1978 CENRY.
742 1956 835 1978 rectot
850 1951 884 1978 de.
900 1951 1050 1981 Hacamor,
1065 1950 1264 1986 jurisperitus.

359 2003 375 2014 “
391 1999 452 2035 Ego
466 1999 555 2026 frater
567 2000 740 2027 Mmmcms
753 2001 881 2027 DERUNC
896 2019 1014 2027 ......
1030 1999 1125 2025 dictus
1137 1999 1171 2026 de
1182 1999 1348 2036 Rosseregla
1359 2000 1497 2036 superior.

357 2054 373 2063 “
388 2048 600 2075 Attestaciones
615 2053 644 2076 ct
658 2049 878 2085 approbaciones
894 2049 903 2075 1
918 2070 923 2075 .
939 2070 944 2075 .
962 2069 967 2074 .
984 2069 989 2075 .
1005 2048 1104 2074 fratris
1119 2048 1147 2074 in
1164 2048 1230 2079 Dez,
1247 2058 1349 2076 manus
1361 2049 1483 2085 propria.

359 2102 375 2111 ²·
391 2097 494 2123 Manus
508 2097 624 2133 propria
640 2096 786 2123 GALFRIDI
808 2097 996 2129 YCULENAIN,
1017 2097 1211 2133 procuratoris
1237 2097 1361 2124 Donaldi
1386 2097 1537 2125 Enaehdu-

414 2145 508 2172 nensis
523 2145 638 2172 ecclesie
649 2144 754 2172 decani.

1399 2190 1416 2200 *⁴
1432 2185 1536 2212 Manus
