1731 2524
178 200 222 240 48
484 198 665 246 Pedigree
684 197 879 245 quoetor
899 198 1087 232 Domniclc
1106 197 1252 245 Lym‘h.

177 290 248 324 suis
267 290 467 336 sumptibus
479 290 669 325 aedificavit
688 289 856 324 sacellum
871 290 991 325 Sancti
1003 290 1130 325 Jacobi
1144 290 1181 324 in
1196 302 1291 324 novo
1306 289 1433 324 Castro
1448 299 1557 334 prope

176 350 309 384 urbem.

251 413 361 446 Anno
387 410 533 445 Domini
566 422 665 456 1513,
695 409 820 443 domus
856 420 1051 454 pauperum
1086 408 1329 454 religiosarum
1356 419 1465 454 prope
1503 419 1555 441 ec-

176 471 319 505 clesiam
343 470 462 507 Sancti
482 469 630 509 Nicolai,
660 481 739 514 quoe
774 480 869 502 nunc
904 467 948 502 ad
980 480 1117 502 sorores
1146 468 1242 502 tertii
1274 467 1407 501 ordinis
1435 466 1554 502 Sancti

177 530 357 565 Francisci
372 535 516 576 spectat,
532 528 664 563 donum
684 535 736 562 est
751 528 793 562 D.
807 527 973 562 walterii
987 527 1141 574 Lyncaei,
1156 527 1218 561 ubi
1237 533 1273 561 et
1286 527 1396 573 ipsius
1411 537 1554 572 quoque

174 589 246 623 filia
265 589 321 636 pie
341 588 576 635 religioseque
595 587 696 621 vixit.

252 649 362 683 Anno
386 647 533 682 Domini
566 658 667 693 1529,
692 645 868 680 Dominus
898 645 1071 679 Ricardus
1100 645 1275 692 Lyncaeus
1307 644 1429 678 statuit
1457 650 1492 678 et
1518 644 1554 678 in

175 718 309 740 morem
328 705 472 740 induxit
499 711 539 738 ut
567 715 675 738 naves
704 715 825 737 01111105
855 709 997 749 portum
1018 703 1246 739 Galviensem
1265 703 1445 743 intrantes,
1475 715 1554 748 quae

172 765 329 811 aliquem
349 777 395 800 ex
411 765 573 812 Lyncaeis
592 764 774 803 veherent,
794 763 840 798 ad
858 775 982 810 rupem
1003 764 1138 810 nigram
1164 770 1204 798 ut
1221 768 1359 803 vocant,
1378 768 1554 797 tormenta

173 825 308 871 majora
326 824 572 871 exploderent,
593 836 704 870 eaque
724 823 945 858 consuetudo
964 823 1079 858 adhuc
1099 824 1204 870 viget.

250 886 358 919 Anno
383 883 529 918 Domini
564 896 664 930 1541,
697 883 739 917 D.
771 883 926 918 Thomas
956 884 1130 930 Lyncaeus
1167 883 1282 917 erexit
1316 895 1356 917 ac
1389 882 1553 917 fundavit

172 945 338 980 sacellum
369 945 507 980 Sancta]
534 943 680 990 Brigide
709 944 746 977 in
775 944 954 978 suburbiis
984 943 1225 983 orientalibus,
1254 950 1290 977 et
1316 942 1489 989 hospitale
1520 941 1553 976 ei

170 1017 349 1040 annexum
368 1017 433 1051 pro
452 1004 708 1039 sustentatione
729 1004 860 1038 civium
880 1003 925 1037 ad
943 1010 1141 1037 extremam
1168 1003 1414 1037 necessitatem
1433 1001 1551 1036 redac-

170 1071 306 1098 torum:
333 1077 397 1110 pro
416 1064 546 1110 quibus
574 1064 677 1098 etiam
707 1064 909 1111 erigebatur
928 1063 1126 1098 subsidium
1145 1076 1165 1098 a
1183 1062 1341 1108 qualibet
1360 1062 1465 1096 domo
1485 1062 1551 1095 sin-

169 1125 261 1171 gulis
281 1124 406 1159 diebus
425 1123 631 1159 Dominicis.

243 1184 352 1217 Anno
373 1183 517 1217 Domini
547 1194 647 1229 1557,
677 1183 720 1216 D.
746 1181 905 1217 ‹Jacobus
930 1181 1105 1227 Lyncaeus
1130 1179 1260 1225 junior,
1289 1191 1355 1225 pro
1387 1191 1429 1213 eo
1456 1191 1548 1213 anno

170 1243 266 1277 urbis
296 1243 417 1289 major,
427 1243 505 1277 ,suis
532 1242 691 1288 pecuniis
718 1241 838 1275 extrui
855 1240 940 1275 fecit
963 1247 1098 1286 partem
1123 1239 1330 1274 orientalem
1350 1238 1476 1273 (lomus
1505 1239 1550 1273 ci-

168 1302 265 1336 vicae.

244 1362 354 1395 Anno
373 1360 517 1394 Domini
544 1361 643 1406 1561,
664 1360 706 1394 D.
726 1359 895 1393 Nic-olaus
932 1370 1080 1405 magnus
1107 1359 1281 1405 Lyncaeus
1320 1358 1546 1405 magnificum

169 1433 251 1455 sane
280 1433 368 1467 opus
395 1420 511 1454 erexit
534 1420 570 1454 in
597 1420 745 1455 ecclesia
774 1420 960 1466 collegiata
981 1419 1101 1455 Sancti
1120 1419 1259 1453 Nicolai
1277 1419 1493 1465 contiguum,
1513 1425 1547 1453 et

168 1481 399 1527 conjunctum
429 1481 527 1527 operi
556 1482 600 1515 ab
628 1493 694 1515 avo
724 1493 787 1515 suo
817 1480 900 1514 olim
932 1486 1108 1519 extructQ
1127 1479 1185 1513 0111
1204 1478 1329 1513 turrim
1354 1477 1490 1512 addidit
1509 1477 1545 1510 in

167 1546 266 1587 parte
285 1539 507 1574 meridionali
522 1539 655 1585 templi,
671 1539 811 1585 organis
830 1546 866 1573 et
879 1540 1011 1584 majore
1026 1550 1195 1584 campana
1210 1537 1428 1576 instructam,
1444 1536 1546 1581 cujus

168 1600 273 1634 etiam
293 1599 419 1634 clavim
439 1599 513 1645 ipsc
534 1599 706 1639 servabat,
725 1604 761 1632 et
779 1598 854 1632 haec
873 1598 991 1632 omnia
1009 1597 1080 1631 suis
1100 1596 1307 1643 sumptibus.

243 1661 352 1693 Anno
381 1658 526 1692 Domini
561 1660 660 1704 1580,
693 1659 734 1692 D.
761 1657 970 1692 Dominicus
998 1657 1172 1704 Lyncaeus
1196 1655 1290 1689 filius
1315 1654 1463 1690 Joannis
1483 1653 1545 1687 filii

167 1717 295 1752 Arturi
324 1723 461 1764 partem
493 1716 750 1750 occidentalem
780 1715 906 1749 domus
937 1715 1060 1749 civicae
1092 1714 1162 1749 suis
1192 1713 1390 1760 sumptibus
1422 1712 1544 1746 erexit.

169 1776 335 1812 Scliolam
354 1775 459 1810 etiam
479 1775 515 1809 in
530 1786 600 1820 qua
619 1786 740 1808 omnes
760 1774 862 1820 pueri
879 1773 988 1820 gratis
1007 1772 1217 1807 docerenter
1235 1772 1350 1806 crexit
1368 1783 1407 1806 ac
1422 1771 1545 1806 funda-

167 1836 219 1870 vit
237 1836 273 1870 in
291 1836 371 1870 1000
399 1834 587 1869 commodo
615 1834 704 1868 mari
732 1834 860 1875 vicino,
884 1833 947 1868 ubi
961 1834 1035 1879 jain
1063 1839 1116 1867 est
1143 1832 1450 1879 propugnaculinn
1480 1843 1544 1877 pro

166 1895 265 1930 urbis
277 1894 491 1929 defensione.
541 1894 642 1928 Idem
657 1906 799 1940 quoque
815 1899 945 1928 certam
961 1893 1121 1939 pecuniae
1136 1904 1306 1927 summam
1322 1904 1384 1938 per
1399 1890 1544 1925 moduni

167 1955 350 2002 vectigalis
368 1954 587 2001 percipiebat
605 1966 651 1988 ex
671 1954 835 1988 omnibus
861 1954 968 1988 rebus
995 1953 1285 1993 comestibilibus,
1305 1964 1384 1997 quae
1408 1957 1467 1984 aut
1485 1950 1543 1984 liic

166 2016 202 2050 in
221 2016 310 2050 urbe
329 2014 578 2054 vinciebantur,
598 2020 658 2048 aut
676 2026 695 2048 e
714 2025 824 2060 regno
843 2013 1122 2058 asportabantur.

1464 2128 1541 2163 The
