1731 2524
203 205 214 227 1
224 195 244 227 6
653 189 714 224 De
740 189 900 225 Concilio
922 190 967 225 H
967 190 1109 225 iberm'e.

200 283 423 332 WVeysesord,
433 282 662 329 Katherlagh‚
670 281 863 329 Kylkenny
875 282 1072 323 etL'ltoniQ
1081 281 1178 327 quod
1190 281 1432 327 unusquisque
1446 293 1566 316 eorum

198 357 262 391 per
281 357 325 383 se,
345 343 512 378 videlicet
530 342 727 377 vicecomes
745 341 781 376 in
806 342 911 388 pleno
936 342 1105 376 comitatu
1132 354 1204 382 suo,
1233 348 1268 376 et
1295 341 1507 375 senescallus
1531 340 1568 374 in

198 403 303 449 plena
321 401 417 436 curia
437 413 498 435 sua
515 400 686 435 libertatis
706 412 776 441 sue,
792 412 854 445 per
874 412 1052 434 assensum
1072 400 1258 435 comitatus
1278 400 1331 434 sui
1350 412 1412 434 seu
1429 400 1568 434 liberta-

198 462 241 495 tis
269 461 351 507 eligi
372 460 503 494 faceret
530 458 618 493 duos
646 458 690 492 de
714 457 939 504 probioribus
966 464 1001 492 et
1028 457 1299 493 discrecioribus
1324 458 1494 493 militibus
1523 457 1567 492 de

196 521 343 568 singulis
362 519 588 554 comitatibus
608 524 641 553 et
655 517 888 559 libertatibus,
902 518 998 563 quod
1016 517 1075 552 1110
1089 530 1183 552 nunc
1198 518 1409 552 interessent
1427 517 1567 564 plenam

196 586 404 625 potestatem
427 578 597 612 habentes
622 577 665 611 de
690 583 764 611 tota
790 577 1040 612 communitate
1065 578 1251 613 comitatus
1273 584 1308 612 ct
1334 578 1506 612 libertatis
1533 584 1568 613 et

195 639 407 674 cetera—ad
418 638 619 673 faciendum
632 643 666 672 et
677 637 919 684 recipiendum
933 644 968 672 ct
982 644 1186 673 cetera—et
1200 637 1296 684 quod
1311 637 1462 683 quilibet
1475 637 1566 672 vice-

195 710 313 733 comes
333 704 368 732 ct
386 697 599 732 senescallus
623 696 772 731 fuissent
796 696 853 731 hic
878 696 914 730 in
939 697 1090 743 propriis
1117 696 1276 743 personis
1303 702 1337 731 et
1359 702 1483 731 cetera.
1520 697 1567 730 Et

196 758 351 793 Thomas
364 755 758 804 Mydcnsis,Nicholaus
766 755 997 802 Leglinensis,
1006 762 1041 790 et
1052 756 1161 790 ceteri
1174 755 1339 802 episcopi,
1347 762 1382 790 et
1393 755 1566 790 Ricardus

194 817 238 851 de
258 819 378 864 Burgo
396 829 513 851 comes
532 816 689 862 Ultonye
709 814 815 849 modo
830 815 935 855 venit,
957 822 992 849 et
1010 815 1169 849 similiter
1191 815 1363 850 Ricardus
1379 814 1463 849 Taff
1476 815 1565 849 1100-

194 889 311 911 comes
330 876 521 923 Dublinye,
541 874 746 909 Willelmus
770 874 813 908 de
842 874 987 909 Hacche
1012 874 1209 909 vicecomes
1228 874 1369 909 Loueth
1394 881 1428 909 et
1446 875 1564 916 ceteri,

193 936 375 970 WValterus
395 935 576 969 Troum-an
591 933 803 967 senescallus
822 933 866 967 de
883 934 993 980 Tryln
1008 940 1043 968 et
1061 933 1171 968 ceteri
1190 933 1350 968 similiter
1369 933 1516 968 veniunt
1530 940 1566 968 et

192 995 312 1029 brevia
326 1007 387 1029 sua
401 1000 587 1033 retornata‚
601 1000 636 1027 et
647 992 829 1027 Waltorus
842 992 885 1027 de
898 993 931 1027 la
939 994 1041 1040 Haye
1057 1000 1092 1028 et
1107 993 1292 1028 Eustacius
1306 993 1339 1027 le
1355 993 1446 1027 Poer
1461 993 1565 1027 electi

193 1067 256 1101 per
275 1054 564 1089 cmnmunitatem
582 1053 754 1087 libertatis
770 1053 973 1101 Kylkenny,
989 1054 1155 1100 elem-gius
1168 1053 1211 1088 de
1231 1055 1332 1101 Rupe
1353 1054 1485 1089 electus
1500 1068 1564 1101 per

192 1115 481 1149 communitatem
495 1114 682 1149 comitatus
697 1113 877 1161 Lymeryk
893 1121 928 1149 et.
941 1115 1050 1149 ceteri
1069 1120 1251 1149 venerunt.
1304 1115 1350 1149 Et
1368 1114 1561 1149 Nicholaus

192 1173 492 1209 Ardmacadensis
511 1173 796 1220 archiepiscopus
817 1181 852 1208 et
873 1175 981 1208 ceteri
1006 1174 1205 1209 absenciam
1229 1186 1327 1208 suam
1352 1180 1562 1209 excusantes

192 1235 364 1268 miserunt
389 1233 447 1268 hic
478 1239 724 1279 procuratores
749 1246 811 1268 seu
839 1240 1032 1268 attornatos
1062 1246 1161 1277 suos3
1188 1233 1355 1268 videlicet
1381 1233 1561 1280 predictus

191 1291 476 1338 archiepiscopus
495 1291 536 1326 N.
556 1297 591 1325 et
605 1291 647 1325 N.
663 1297 698 1325 et
716 1291 833 1332 ceteri,
849 1298 901 1326 set
914 1292 1117 1327 WVillelmus
1136 1291 1421 1339 archiepiscopus
1436 1294 1562 1327 Tuam-

191 1352 283 1385 ensis
303 1358 337 1385 et
351 1350 459 1385 ceteri
477 1363 549 1384 non
561 1357 743 1385 venerunt.
796 1352 843 1386 Et
861 1351 1022 1386 similiter
1037 1353 1145 1398 Hugo
1164 1351 1208 1386 de
1228 1352 1310 1386 Lcis
1329 1365 1420 1386 unus
1435 1352 1561 1387 electo-

191 1423 268 1445 rum
293 1423 357 1457 pcr
380 1410 585 1445 comitatum
611 1410 655 1444 de
679 1411 860 1459 Lymeryk
882 1419 917 1446 et
939 1413 1047 1447 ceteri
1066 1425 1137 1447 non
1156 1418 1337 1447 venerunt.
1390 1412 1477 1447 Ideo
1494 1413 1561 1459 ipsi

189 1471 225 1504 in
245 1469 493 1504 misericordia.
534 1469 627 1503 Etin
645 1470 828 1516 presencia
846 1470 1087 1517 predictorum
1102 1471 1347 1518 episcoporum
1367 1470 1560 1518 Mydensis‚

190 1529 421 1576 Leglinensis,
434 1535 467 1563 et
483 1528 662 1564 Comitum
678 1535 713 1563 et
726 1530 903 1564 Baronum
917 1536 952 1564 et
966 1530 1114 1565 aliorum
1130 1531 1338 1577 optimatum
1352 1530 1410 1565 hic
1422 1542 1558 1577 compa-

190 1589 349 1624 rencium
364 1588 407 1622 de
423 1587 602 1622 communi
621 1588 767 1622 consilio
787 1588 921 1624 domini
934 1590 1041 1637 Regis
1059 1590 1096 1624 in
1114 1589 1179 1625 hae
1197 1596 1290 1624 terra
1307 1589 1397 1624 facte
1416 1589 1560 1624 fuerunt

191 1649 342 1695 quedam
361 1648 581 1695 provisiones
600 1655 636 1683 et
652 1649 865 1683 unanimiter
888 1650 932 1684 ab
950 1650 1114 1685 omnibus
1133 1650 1175 1685 iis
1195 1650 1406 1685 concordate
1426 1656 1461 1684 et
1478 1662 1558 1685 con-

190 1723 287 1745 cesse
308 1710 404 1744 salvo
419 1711 499 1755 jure
513 1709 647 1743 domini
662 1709 768 1756 Regis
787 1716 822 1744 et
836 1716 959 1744 cetera.

265 1770 307 1804 In
326 1768 448 1815 primis
467 1767 550 1813 quia
570 1767 685 1801 visum
704 1774 757 1801 est
779 1767 875 1813 quod
894 1767 1079 1801 comitatus
1098 1767 1234 1801 Dublin
1248 1767 1351 1801 nimis
1370 1773 1423 1801 est
1440 1767 1559 1802 confu-

192 1841 259 1869 sus,
274 1834 310 1862 et
327 1834 443 1874 partes
458 1827 534 1872 ejus
546 1825 649 1859 nimis
664 1826 707 1860 ab
720 1826 871 1860 invicem
887 1832 1020 1860 remote
1036 1833 1070 1861 et
1085 1826 1251 1873 disperse,
1271 1834 1392 1873 utpote
1412 1827 1559 1863 Ultonia

190 1895 225 1923 et
238 1887 361 1935 Mydja
375 1893 410 1921 et
423 1886 649 1933 postmodum
662 1887 829 1933 Lagenya
842 1899 922 1921 cum
936 1886 1026 1920 valle
1036 1886 1171 1920 Dublin
1186 1892 1221 1921 et
1235 1893 1364 1929 cetera3
1384 1898 1447 1933 per
1462 1885 1558 1932 quod

188 1946 305 1981 minus
323 1951 565 1991 competenter
583 1944 782 1978 deservitur
801 1944 944 1978 domino
962 1944 1037 1990 regi
1059 1944 1096 1978 in
1114 1944 1289 1991 preceptis
1308 1945 1388 1986 suis,
1408 1951 1443 1980 et
1460 1945 1558 1980 ctuie

188 2018 259 2046 sue,
279 2017 344 2039 nec
362 2016 433 2039 non
452 2010 489 2039 et
511 2003 664 2050 populus
689 2015 773 2037 suus
796 2005 911 2038 minus
937 2003 1150 2038 sufficienter
1172 2004 1306 2050 regitur
1333 2005 1405 2039 sive
1432 2005 1557 2052 guber-

186 2073 298 2101 natur.
336 2064 599 2101 Concordatum
631 2070 685 2099 est
713 2063 809 2110 quod
835 2064 879 2099 de
903 2070 1022 2099 cetero
1054 2064 1098 2099 sit
1123 2064 1266 2110 quidam
1297 2064 1494 2100 vicecomes
1520 2064 1557 2098 in

1401 2124 1558 2171 Ultonya
