1731 2524
480 237 656 285 Pedigree
676 236 715 285 qf
728 236 855 272 Doctor
875 236 1046 272 Dor-tenid·
1062 237 1191 285 Lynvla.
1490 252 1527 287 7¹

144 331 312 369 principalis
327 331 489 359 tenementi.
525 331 606 361 Item,
620 330 683 366 lego
697 339 758 356 mee
773 329 858 356 uxori
875 334 1071 357 tenementum
1086 339 1137 366 per
1153 340 1196 356 nie
1211 336 1340 367 emptum
1356 332 1390 359 «le
1400 332 1532 361 Johanne

145 380 236 408 Blake
245 380 437 418 fyz-Villiam,
448 379 509 406 vita
519 378 594 405 dicte
603 377 703 404 uxoris
715 376 846 409 durante,
860 381 889 403 et
900 381 964 413 post
975 377 998 412 ej
1004 386 1037 403 us
1047 376 1201 406 decessum,
1215 378 1376 414 predictum
1387 384 1515 407 mnemon
1523 397 1530 401 ,

144 434 208 456 tum
219 429 281 466 lego
293 429 347 466 ipsi
358 429 484 456 Henrieo
493 438 555 456 meo
566 428 625 455 filio
636 432 665 455 et
677 427 736 454 suis
747 427 910 458 heredibus,
922 427 988 454 licet
1004 426 1113 454 dictum
1127 432 1322 454 tenementum
1335 434 1377 455 est
1390 429 1529 465 impigno-

145 483 241 505 ratum
256 487 341 514 penes
356 477 540 505 Dominicum
556 476 682 514 Lynche,
696 481 724 503 et
740 485 825 503 suum
840 475 933 502 filium
949 475 1139 512 Stephanum,
1152 485 1217 502 cum
1232 476 1310 503 Deus
1320 477 1373 503 scit
1385 477 1530 514 011οά1115(-

150 526 319 554 Dominicus
333 531 362 554 et
376 526 454 553 filius
469 536 547 559 511115,
564 525 641 562 quod
656 525 728 552 mihi
743 525 869 558 videtur,
885 525 1002 552 nullum.
1013 525 1063 561 jus
1078 535 1129 552 nec
1140 525 1290 561 justiciam
1305 525 1414 553 habent
1428 526 1484 563 ipsi
1495 527 1529 553 ad

143 576 238 612 ipsum
250 579 455 607 tenementum,
468 580 497 602 et
506 575 569 601 (1100
579 574 655 611 quod
667 574 762 601 dictus
774 574 919 601 Henricus
929 573 1048 601 habebit
1059 573 1154 610 ipsum
1170 578 1375 605 tenementum,
1388 584 1444 601 non
1457 574 1530 602 facta

143 625 287 652 solucione
301 625 397 661 aliqua
411 635 447 652 ex
463 629 544 661 parte
559 634 617 651 sua.
654 624 735 655 Item,
748 623 811 660 lego
825 633 886 650 mee
901 622 958 650 filie
968 623 1081 650 Scicilie
1095 623 1302 655 lx.n1arcas,in
1317 623 1434 650 modum
1446 624 1529 651 dotis.

144 674 226 706 Item,
243 674 306 711 lego
321 684 382 701 mee
397 674 455 701 filie
470 674 558 701 Elene
574 674 611 701 lv.
621 683 729 700 marcas
743 673 827 699 modo
842 673 929 699 simili
942 673 971 700 in
986 672 1061 699 dotis
1076 672 1202 700 modum.
1246 673 1328 705 Item,
1342 673 1405 710 lego
1415 673 1530 700 duobus

142 723 212 750 meis
221 723 297 757 filiis,
308 723 362 750 viz.
374 723 528 751 Ambrosio
539 728 567 750 et
577 723 711 755 Sandero,
723 722 781 749 duo
792 727 954 749 tenementa
964 731 1050 759 penes
1060 732 1104 749 me
1116 722 1308 759 impignorata
1320 722 1349 749 in
1359 722 1478 759 pignore
1490 723 1529 750 lx.

143 782 312 805 marcarum,
320 773 464 808 inquibus
471 773 568 808 jacent
575 772 706 799 Donatus
714 771 821 802 fuscus,
830 770 900 803 sulo,
909 770 1091 797 ethohannes
1098 770 1269 803 O'Donnali,
1278 775 1368 803 sutor,
1377 770 1528 808 etNycho-

142 819 205 847 laus
214 819 305 847 Blake
313 819 489 857 fyz—Ricard,
501 820 540 846 ita
552 818 627 855 quod
643 818 697 855 ipsi
709 817 766 845 duo
778 823 864 845 erunt
876 818 990 854 equales
1005 818 1035 844 in
1046 818 1122 845 dicta
1131 828 1213 845 suma
1222 819 1358 856 pignoris,
1370 828 1436 846 cum
1451 819 1527 846 dieta

141 874 304 897 tenementa
318 874 405 897 erunt
420 870 522 896 soluta.
565 869 645 900 Item,
663 868 726 904 lego
741 877 802 895 meo
824 867 883 894 filio
899 868 1046 905 Baltyssar
1062 878 1110 895 xx·
1126 868 1223 901 libras,
1240 869 1280 896 ita
1298 869 1374 905 quod
1395 869 1525 906 prefatus

141 928 222 946 meus
235 918 326 951 heres,
339 919 392 946 viz.
406 918 571 950 Nieholaus,
583 923 611 945 et
624 918 768 945 Henricus
778 917 883 945 dictam
896 927 1006 944 sumam
1018 918 1183 954 persolvant
1198 918 1288 946 eidem
1300 919 1449 956 Baltyssar
1461 929 1527 946 011111

141 969 196 1006 ipsi
210 979 261 1006 per
273 979 338 997 eum
348 973 429 996 erant
441 968 582 1004 requisiti,
596 967 712 995 subhac
722 967 820 1000 forma,
832 966 909 1003 quod
923 967 984 1003 ipse
992 967 1149 995 Nicholaus
1161 968 1305 1004 persolvat
1315 968 1377 995 cix.
1388 968 1486 1001 libras,
1500 973 1528 995 et

142 1018 288 1046 Henricus
308 1018 377 1045 alias
399 1028 426 1045 x.
441 1018 536 1045 libras.
579 1017 661 1049 Item,
677 1017 741 1053 lego
764 1016 889 1044 Roberto
911 1016 1037 1054 Lynche,
1054 1016 1114 1044 filio
1137 1017 1265 1045 Ristardi
1287 1018 1413 1056 Lynche,
1438 1028 1526 1046 unam

142 1068 259 1095 domum
281 1068 428 1104 lapideam,
452 1076 537 1103 quam
559 1066 648 1093 habui
666 1066 695 1093 in
714 1065 831 1093 modum
854 1065 929 1093 dotis
950 1075 1015 1093 cum
1038 1071 1129 1094 matre
1151 1066 1222 1094 dicti
1237 1067 1373 1100 Ristardi,
1397 1068 1452 1095 sub
1473 1068 1527 1095 hac

143 1118 317 1150 condicione,
333 1117 410 1153 quod
425 1116 539 1144 Scieilia
553 1126 615 1143 mea
634 1125 709 1143 uxor
728 1115 847 1143 habebit
870 1116 1020 1143 seelarium
1036 1116 1112 1143 dicte
1127 1116 1228 1144 domus
1250 1117 1279 1144 in
1301 1117 1419 1144 modum
1440 1118 1526 1145 tertie

141 1168 240 1204 partis,
257 1177 308 1194 sua
325 1167 387 1194 vita
401 1166 538 1198 durante;
554 1166 600 1193 vel
621 1166 644 1192 si
659 1165 803 1198 maluerit,
828 1165 945 1192 terciam
967 1170 1077 1202 partem
1098 1167 1255 1193 tenementi
1272 1166 1396 1203 hujusce
1412 1166 1526 1200 habeat,

141 1222 170 1244 et
185 1217 209 1244 51
224 1217 320 1244 dictus
335 1216 480 1244 Robertus
494 1216 644 1243 decederet
665 1216 726 1243 51110
747 1215 889 1247 masculis,
906 1215 983 1251 quod
999 1215 1109 1243 dictum
1128 1220 1325 1243 tenementum
1340 1221 1528 1244 convertatur

142 1266 177 1293 ad
191 1276 267 1293 meos
281 1265 407 1298 heredes
423 1266 458 1293 (le
472 1266 628 1293 elimosinis
643 1270 672 1293 et
687 1266 864 1293 deeimarum
879 1266 1155 1302 recompensacione:
1172 1267 1304 1303 relinquo
1319 1266 1371 1294 hee
1386 1267 1482 1294 omnia
1496 1267 1525 1294 in

141 1315 327 1352 dispositione
342 1316 432 1352 ipsius
447 1315 590 1343 Nicholaii
606 1320 635 1342 et
650 1315 764 1343 Seicilie
778 1315 887 1347 uxoris,
905 1325 971 1342 eum
983 1316 1103 1343 concilio
1118 1316 1189 1343 dicti
1204 1316 1356 1343 Willielmi
1372 1317 1487 1354 Ybeyll.

202 1369 220 1380 “
235 1366 306 1392 Erat
323 1366 398 1392 enim
423 1365 498 1393 inter
517 1375 562 1393 eos
580 1366 722 1393 decissum
745 1375 795 1402 per
819 1366 979 1393 Robertum
1002 1366 1121 1404 Lynche
1147 1371 1334 1394 mercatorem
1359 1366 1428 1393 ville
1449 1366 1526 1393 dicte

143 1414 260 1452 Galvye,
277 1419 306 1441 et
322 1413 511 1441 Willielmum
528 1414 618 1452 Beyll,
635 1414 712 1450 quod
727 1415 837 1451 prefata
852 1414 975 1448 Scicilia,
992 1425 1068 1442 uxor
1083 1415 1154 1442 dicti
1168 1416 1187 1443 J
1190 1415 1317 1448 ohannis,
1334 1415 1455 1443 haberet
1471 1420 1526 1443 ter-

141 1464 212 1490 ciam
227 1468 337 1500 partem
352 1463 496 1501 cyfforum
510 1473 541 1490 ac
556 1463 684 1490 omnium
699 1463 821 1490 aliarum
836 1473 943 1495 rerum,
960 1463 1012 1490 viz.
1029 1463 1223 1491 instrumenta
1238 1464 1374 1491 mensalia
1389 1469 1417 1492 et
1429 1465 1526 1500 coqui-

141 1513 220 1540 naria
231 1513 407 1549 pertinencia
414 1511 482 1551 [ad]
491 1513 585 1549 ipsum
598 1518 810 1544 tenementum,
821 1518 849 1539 et
860 1522 924 1549 pars
935 1513 1046 1549 reliqua
1055 1513 1135 1541 cedat
1147 1513 1201 1550 ipsi
1209 1514 1347 1541 Nieholao
1356 1513 1463 1542 heredi.
1486 1514 1526 1540 Et

142 1563 182 1590 510
196 1562 266 1589 dicti
285 1561 351 1595 duo,
366 1561 420 1589 viZ.
436 1562 581 1589 Robertus
596 1566 625 1588 et
640 1561 814 1593 Villielmus,
831 1570 867 1588 ex
889 1566 1060 1589 testamento
1075 1561 1147 1589 dicti
1161 1562 1302 1590 Johannis
1323 1567 1524 1599 perceperunt.

141 1611 224 1643 Item,
234 1610 275 1638 1111
287 1611 345 1638 duo
356 1616 523 1638 executores
538 1610 747 1637 ordinaverunt
760 1609 869 1646 pariter
883 1615 912 1637 et
923 1610 1130 1647 disposuerunt
1142 1611 1219 1648 quod
1233 1611 1350 1639 ecelesia
1365 1611 1523 1648 collegiata,

142 1661 171 1687 in
192 1670 248 1697 qua
267 1665 328 1687 erat
342 1660 437 1687 dictus
452 1659 598 1687 ,Iohannes
615 1659 754 1696 sepultis,
771 1659 800 1686 111
820 1660 1082 1696 recompensatione
1101 1660 1278 1688 decimarum
1297 1660 1416 1688 haberet
1438 1671 1524 1689 unam

142 1720 273 1743 marcam,
289 1716 318 1738 et
339 1711 367 1737 in
383 1710 499 1737 modum
514 1710 660 1737 elimosine
674 1710 708 1737 ad
723 1720 796 1746 opus
810 1710 911 1737 domus
926 1711 1050 1747 collegii,
1066 1720 1154 1738 unam
1169 1711 1254 1738 aliam
1265 1721 1398 1738 marcam.
1440 1711 1522 1743 Item,

142 1760 313 1787 monasterio
328 1759 417 1795 hujus
432 1759 500 1786 ville
516 1759 625 1796 Galvye
640 1759 769 1795 quinque
790 1769 810 1786 s.
826 1759 855 1786 in
870 1759 1022 1787 mercibus.
1064 1759 1146 1792 Item,
1168 1760 1324 1787 conventui
1344 1760 1379 1787 de
1394 1760 1523 1797 Attnary

143 1819 229 1836 unam
249 1809 374 1837 casulam
397 1819 463 1836 cum
486 1819 538 1836 sua
560 1809 640 1836 stola.
682 1809 765 1841 Item,
784 1809 940 1835 conventui
960 1808 994 1835 de
1019 1809 1086 1836 Clar
1107 1808 1178 1836 duas
1200 1809 1298 1836 uncias
1317 1809 1347 1836 in
1369 1809 1521 1837 mercibus.

144 1859 226 1891 Item,
239 1859 393 1887 conventui
409 1859 444 1886 (10
456 1858 621 1896 Kylconlyn
633 1859 704 1886 duas
720 1859 817 1886 uncias
832 1859 861 1885 in
876 1859 1029 1886 mercibus.
1072 1859 1154 1891 Item,
1167 1859 1321 1887 conventui
1340 1859 1374 1886 de
1387 1859 1524 1896 Rosryala

143 1908 213 1936 duas
228 1909 325 1936 uncias
341 1909 370 1935 in
385 1909 536 1936 mercibus.
579 1909 659 1939 Item,
671 1909 826 1936 conventui
841 1909 875 1936 de
887 1909 974 1946 Mayn
990 1908 1062 1936 duas
1076 1909 1183 1936 uncias.
1226 1909 1308 1941 Item,
1320 1909 1474 1935 conventui
1489 1908 1523 1934 (lc

143 1957 272 1985 Rosherk
287 1957 357 1985 duas
372 1958 469 1985 uncias
483 1959 513 1985 111
528 1958 680 1986 mercibus.
722 1959 804 1991 Item,
820 1959 975 1986 conventui
991 1959 1025 1987 de
1040 1959 1120 1996 Sligo
1134 1959 1205 1986 duas
1219 1959 1317 1986 uncias
1339 1959 1472 1986 similiter
1493 1958 1521 1984 in

141 2005 292 2033 mercibus.
333 2006 414 2039 Item,
431 2006 585 2033 conventui
607 2006 641 2033 de
658 2007 830 2044 Raybranna
851 2007 921 2034 duas
938 2007 1043 2034 uncias.
1087 2008 1168 2040 Item,
1185 2008 1341 2035 conventui
1356 2008 1390 2034 de
1413 2008 1520 2043 Borgos

143 2054 214 2081 duas
225 2055 330 2082 uncias.
365 2056 445 2088 Item,
456 2056 611 2083 conventui
624 2056 658 2084 de
670 2056 819 2095 Harnarey
827 2057 898 2084 duas
910 2058 1017 2085 uncias.
1053 2058 1134 2091 Item,
1144 2057 1319 2096 [conventui]
1333 2057 1366 2085 de
1378 2058 1519 2094 Bonynyn

144 2103 215 2130 duas
239 2104 346 2131 uncias.
389 2105 469 2137 Item,
497 2105 652 2133 conventui
675 2105 709 2133 de
734 2106 823 2133 Herw
846 2106 917 2134 duas
939 2107 1044 2134 uncias.
1089 2108 1170 2139 Item,
1191 2107 1346 2134 conventui
1372 2106 1406 2132 dv
1431 2106 1520 2133 Srado

144 2153 214 2180 duas
229 2153 334 2180 uncias.
378 2153 459 2186 Item,
475 2155 629 2182 conventui
645 2155 678 2181 tle
694 2155 857 2183 Bennasada
872 2156 942 2183 (luas
958 2157 1064 2184 uncias.
1108 2157 1188 2189 Item,
1205 2156 1359 2183 conventui
1375 2155 1410 2183 de
1425 2155 1520 2182 Cuthe

831 2216 845 2230 as
1451 2204 1521 2232 duas
