1731 2524
546 216 577 251 A
587 217 684 251 utho}-
701 216 740 265 ‘if
756 216 974 253 Cambrenm's
989 217 1028 252 E
1029 231 1152 253 rer-sus.

406 311 541 345 Verum
560 322 625 356 pro
643 309 757 356 patri-51
776 316 856 345 sunt
875 309 1117 357 impendenda
1134 311 1257 353 labori,

452 382 531 416 quae
549 370 634 405 licet
652 370 791 405 absenti
810 383 950 418 semper
968 379 1082 406 amata
1101 371 1188 406 mihi
1207 379 1269 407 est.

404 428 475 463 Sed
493 440 559 463 nec
578 429 705 464 omitto
723 442 849 464 vacare
869 429 965 471 mihi,
985 442 1190 476 numenque
1210 433 1356 478 precari⁷

451 488 571 522 eluere
590 494 626 523 et
645 489 727 523 vitae
746 489 881 524 crimen
900 489 1035 524 adorno
1055 502 1151 525 meae.

401 547 482 581 Non
501 547 633 593 poterit
651 560 836 594 superesse
856 547 918 583 diu
936 549 1158 596 grandaevus,
1174 556 1210 585 et
1229 563 1339 586 annos

450 606 615 642 florentes
633 607 761 642 crebro
780 619 874 642 mors
892 608 1038 655 inopina
1055 610 1154 656 rapit.

402 667 530 702 Exitus
549 680 567 702 e
587 667 661 702 vit&
679 667 767 702 mihi
785 675 884 703 certo
903 669 1034 704 certius
1054 669 1172 705 instat.

449 734 488 761 ut
508 727 594 762 inihi
613 728 657 763 sit
675 728 763 763 felix
783 741 920 764 sumina
938 729 1062 765 laboro
1081 731 1166 772 dies,

400 787 524 821 Missio
543 787 716 822 militibus
736 787 915 822 veteranis
933 787 1093 823 traditur.
1148 790 1245 837 Ergo

450 853 529 893 post
548 859 658 881 annos
677 853 774 882 actos
793 853 846 882 est
864 847 951 882 mihi
970 847 1088 883 danda
1107 849 1217 895 quies.

400 908 469 942 Hic
489 908 614 942 animae
632 907 746 942 multo
764 908 875 955 inagis
894 907 1091 955 indulgebo
1110 909 1224 951 saluti,

446 968 479 1002 in
501 968 623 1015 patria}
641 980 748 1014 quani
768 969 797 1003 si
815 968 947 1003 finibus
966 969 1040 1016 ipsc
1060 969 1182 1004 forem.

395 1029 454 1063 Me
470 1029 542 1074 jain
563 1028 785 1075 decrepitum
804 1029 918 1076 putris
938 1035 1036 1064 tenet
1054 1042 1115 1064 ora
1134 1030 1324 1077 sepulchri,

442 1089 534 1123 inter
552 1089 713 1124 viventes
733 1095 786 1124 est
804 1089 891 1123 milii
910 1102 1019 1136 parva
1038 1102 1145 1132 niora,

393 1149 473 1183 Non
492 1161 580 1195 opus
599 1155 653 1184 est
670 1149 781 1196 igitur
801 1149 921 1196 patriis
942 1156 981 1184 ut
999 1149 1141 1185 deferar
1159 1151 1241 1193 oris,

443 1209 614 1255 quaeritur
632 1208 729 1244 haud
748 1215 847 1244 tanto
866 1210 990 1244 tumba
1007 1209 1128 1245 labore
1148 1211 1283 1258 procul.

393 1269 581 1315 [mprobus
600 1268 660 1303 hic
679 1269 780 1304 iniles
799 1282 871 1304 non
889 1270 1019 1305 clamat
1037 1282 1125 1305 voce
1144 1277 1299 1313 tonante,

440 1328 475 1362 in
494 1328 651 1363 vinclum
672 1341 831 1375 propere,
851 1329 987 1376 perfide
1007 1336 1130 1377 mysta,
1150 1331 1232 1365 veni

391 1389 424 1423 N
427 1401 472 1423 on
491 1388 550 1423 hie
569 1402 632 1424 nos
651 1396 817 1435 quartum
836 1391 1035 1425 tabulatum
1054 1391 1279 1426 ascendimus
1299 1392 1400 1433 ultra,

443 1455 481 1483 ut
499 1449 601 1483 nobis
621 1449 681 1484 fiat
698 1450 824 1485 concio
843 1451 917 1485 sive
938 1463 1085 1486 sacrunr

392 1508 599 1545 Grandibus
618 1509 653 1543 in
673 1509 814 1556 templis
832 1510 948 1557 palam
967 1510 1171 1546 veneranda
1189 1511 1336 1552 locatur,

439 1580 510 1602 non
528 1568 565 1602 in
584 1567 762 1615 despectis
780 1568 897 1604 hostia
915 1581 1013 1604 sacra
1031 1569 1129 1604 casis.

391 1628 540 1663 Cunctis
561 1627 740 1664 Catholici
758 1628 798 1663 fit
817 1635 939 1676 aperta
956 1628 1131 1676 professio
1150 1629 1277 1670 cultus,

438 1688 537 1735 orgia
557 1687 698 1724 Calvini
716 1700 816 1723 rarus
836 1688 933 1724 adire
953 1689 1051 1724 solet.

391 1748 430 1781 ln
450 1747 563 1793 patri-Cr
582 1746 758 1782 haereticis
777 1748 950 1795 ternplum
969 1749 1197 1796 clangoribus
1217 1749 1348 1790 horret,

437 1805 535 1852 quod
553 1812 661 1840 cantu
679 1806 755 1841 vidi
773 1807 999 1853 personuisse
1019 1819 1127 1842 sacro.

387 1865 497 1912 Orgia
516 1864 693 1913 Calvin[i]
717 1872 854 1900 sanctas
873 1865 975 1914 ba[c]
983 1865 1135 1901 chantur
1153 1866 1197 1901 ad
1216 1879 1302 1907 aras,

433 1925 469 1959 in
488 1925 618 1971 quibus
638 1925 757 1960 oblata
775 1931 828 1960 est
848 1925 963 1961 hostia
982 1938 1079 1960 sacra
1099 1927 1204 1973 prius.

388 1987 468 2021 Non
487 1999 554 2034 ego
572 1987 766 2023 huninibus
786 2001 879 2034 queo
899 1989 982 2024 talia
999 2001 1145 2024 cernere
1165 1990 1277 2024 siccis.

435 2046 618 2082 horrorem
636 2047 815 2084 incutiunt
834 2049 979 2084 auribus
998 2049 1064 2084 ista
1083 2050 1178 2084 ineis.

1381 2109 1523 2144 Certior
