<?xml version="1.0" encoding="UTF-8"?>
<!DOCTYPE html PUBLIC "-//W3C//DTD XHTML 1.0 Transitional//EN"
    "http://www.w3.org/TR/xhtml1/DTD/xhtml1-transitional.dtd">
<html xmlns="http://www.w3.org/1999/xhtml" xml:lang="en" lang="en">
 <head>
  <title>
</title>
<meta http-equiv="Content-Type" content="text/html;charset=utf-8" />
  <meta name='ocr-system' content='tesseract 3.04.00' />
  <meta name='ocr-capabilities' content='ocr_page ocr_carea ocr_par ocr_line ocrx_word'/>
</head>
<body>
  <div class='ocr_page' id='page_1' title='image "./miscellanyofiris00iris_0092.png"; bbox 0 0 1731 2524; ppageno 0'>
   <div class='ocr_carea' id='block_1_1' title="bbox 176 232 1215 282">
    <p class='ocr_par' dir='ltr' id='par_1_1' title="bbox 176 232 1215 282">
     <span class='ocr_line' id='line_1_1' title="bbox 176 232 1215 282; baseline -0.002 -13"><span class='ocrx_word' id='word_1_1' title='bbox 176 237 217 280; x_wconf 83' lang='lat'>78</span> <span class='ocrx_word' id='word_1_2' title='bbox 506 234 675 282; x_wconf 68' lang='lat' dir='ltr'>Pediyree</span> <span class='ocrx_word' id='word_1_3' title='bbox 692 233 730 282; x_wconf 85' lang='lat' dir='ltr'>of</span> <span class='ocrx_word' id='word_1_4' title='bbox 743 233 868 269; x_wconf 73' lang='lat' dir='ltr'>Doctor</span> <span class='ocrx_word' id='word_1_5' title='bbox 887 233 1060 268; x_wconf 65' lang='lat' dir='ltr'>Donmiek·</span> <span class='ocrx_word' id='word_1_6' title='bbox 1079 232 1215 281; x_wconf 76' lang='lat' dir='ltr'>Lyneh.</span> 
     </span>
    </p>
   </div>
   <div class='ocr_carea' id='block_1_2' title="bbox 172 329 1561 2187">
    <p class='ocr_par' dir='ltr' id='par_1_2' title="bbox 172 329 1561 2187">
     <span class='ocr_line' id='line_1_2' title="bbox 174 329 1551 370; baseline -0.004 -9"><span class='ocrx_word' id='word_1_7' title='bbox 174 339 261 370; x_wconf 81' lang='lat' dir='ltr'>atque</span> <span class='ocrx_word' id='word_1_8' title='bbox 275 334 310 361; x_wconf 85' lang='lat' dir='ltr'>ad</span> <span class='ocrx_word' id='word_1_9' title='bbox 324 333 498 370; x_wconf 85' lang='lat' dir='ltr'>completum</span> <span class='ocrx_word' id='word_1_10' title='bbox 518 333 604 361; x_wconf 89' lang='lat' dir='ltr'>finem</span> <span class='ocrx_word' id='word_1_11' title='bbox 623 332 761 369; x_wconf 83' lang='lat' dir='ltr'>quicquid</span> <span class='ocrx_word' id='word_1_12' title='bbox 782 332 925 360; x_wconf 76' lang='lat' dir='ltr'>constabit</span> <span class='ocrx_word' id='word_1_13' title='bbox 945 332 1092 364; x_wconf 75' lang='lat' dir='ltr'>deducere,</span> <span class='ocrx_word' id='word_1_14' title='bbox 1116 341 1225 359; x_wconf 82' lang='lat' dir='ltr'>necnon</span> <span class='ocrx_word' id='word_1_15' title='bbox 1247 331 1288 358; x_wconf 93' lang='lat' dir='ltr'>ibi</span> <span class='ocrx_word' id='word_1_16' title='bbox 1310 329 1439 357; x_wconf 83' lang='lat' dir='ltr'>edificare</span> <span class='ocrx_word' id='word_1_17' title='bbox 1460 338 1551 356; x_wconf 90' lang='lat' dir='ltr'>unum</span> 
     </span>
     <span class='ocr_line' id='line_1_3' title="bbox 173 379 1553 419; baseline -0.004 -8"><span class='ocrx_word' id='word_1_18' title='bbox 173 384 263 412; x_wconf 76' lang='lat' dir='ltr'>altare</span> <span class='ocrx_word' id='word_1_19' title='bbox 281 385 310 411; x_wconf 92' lang='lat' dir='ltr'>in</span> <span class='ocrx_word' id='word_1_20' title='bbox 329 383 435 411; x_wconf 80' lang='lat' dir='ltr'>honore</span> <span class='ocrx_word' id='word_1_21' title='bbox 458 383 555 411; x_wconf 79' lang='lat' dir='ltr'>Sancti</span> <span class='ocrx_word' id='word_1_22' title='bbox 572 383 673 410; x_wconf 75' lang='lat' dir='ltr'>‹Iacobi</span> <span class='ocrx_word' id='word_1_23' title='bbox 696 382 824 419; x_wconf 72' lang='lat' dir='ltr'>apostoli,</span> <span class='ocrx_word' id='word_1_24' title='bbox 846 392 934 418; x_wconf 81' lang='lat' dir='ltr'>prope</span> <span class='ocrx_word' id='word_1_25' title='bbox 953 382 1113 418; x_wconf 77' lang='lat' dir='ltr'>proximam</span> <span class='ocrx_word' id='word_1_26' title='bbox 1142 381 1323 417; x_wconf 78' lang='lat' dir='ltr'>columpnam</span> <span class='ocrx_word' id='word_1_27' title='bbox 1345 379 1451 416; x_wconf 85' lang='lat' dir='ltr'>capelle</span> <span class='ocrx_word' id='word_1_28' title='bbox 1472 380 1553 406; x_wconf 80' lang='lat' dir='ltr'>beate</span> 
     </span>
     <span class='ocr_line' id='line_1_4' title="bbox 175 428 1554 470; baseline -0.004 -9"><span class='ocrx_word' id='word_1_29' title='bbox 175 434 266 461; x_wconf 86' lang='lat' dir='ltr'>Marie</span> <span class='ocrx_word' id='word_1_30' title='bbox 276 433 404 470; x_wconf 81' lang='lat' dir='ltr'>predicte</span> <span class='ocrx_word' id='word_1_31' title='bbox 418 433 447 459; x_wconf 85' lang='lat' dir='ltr'>in</span> <span class='ocrx_word' id='word_1_32' title='bbox 462 432 578 459; x_wconf 86' lang='lat' dir='ltr'>eeclesia</span> <span class='ocrx_word' id='word_1_33' title='bbox 588 431 707 468; x_wconf 77' lang='lat' dir='ltr'>prefata,</span> <span class='ocrx_word' id='word_1_34' title='bbox 719 435 747 458; x_wconf 89' lang='lat' dir='ltr'>et</span> <span class='ocrx_word' id='word_1_35' title='bbox 762 430 922 467; x_wconf 75' lang='lat' dir='ltr'>expendere</span> <span class='ocrx_word' id='word_1_36' title='bbox 933 431 1007 457; x_wconf 78' lang='lat' dir='ltr'>bona</span> <span class='ocrx_word' id='word_1_37' title='bbox 1018 439 1079 457; x_wconf 87' lang='lat' dir='ltr'>mea</span> <span class='ocrx_word' id='word_1_38' title='bbox 1091 430 1166 456; x_wconf 88' lang='lat' dir='ltr'>circa</span> <span class='ocrx_word' id='word_1_39' title='bbox 1176 429 1249 456; x_wconf 92' lang='lat' dir='ltr'>illud</span> <span class='ocrx_word' id='word_1_40' title='bbox 1259 439 1309 465; x_wconf 86' lang='lat' dir='ltr'>pre</span> <span class='ocrx_word' id='word_1_41' title='bbox 1318 429 1420 456; x_wconf 85' lang='lat' dir='ltr'>ceteris</span> <span class='ocrx_word' id='word_1_42' title='bbox 1430 428 1554 464; x_wconf 77' lang='lat' dir='ltr'>negociis</span> 
     </span>
     <span class='ocr_line' id='line_1_5' title="bbox 173 478 1558 518; baseline -0.004 -9"><span class='ocrx_word' id='word_1_43' title='bbox 173 486 290 518; x_wconf 85' lang='lat' dir='ltr'>propter</span> <span class='ocrx_word' id='word_1_44' title='bbox 304 481 381 518; x_wconf 87' lang='lat' dir='ltr'>quod</span> <span class='ocrx_word' id='word_1_45' title='bbox 395 481 508 508; x_wconf 83' lang='lat' dir='ltr'>edeficia</span> <span class='ocrx_word' id='word_1_46' title='bbox 523 485 640 507; x_wconf 87' lang='lat' dir='ltr'>constru</span> <span class='ocrx_word' id='word_1_47' title='bbox 655 502 661 507; x_wconf 92' lang='lat'>.</span> <span class='ocrx_word' id='word_1_48' title='bbox 678 501 683 507; x_wconf 88' lang='lat'>.</span> <span class='ocrx_word' id='word_1_49' title='bbox 699 501 704 507; x_wconf 94' lang='lat'><em>.</em></span> <span class='ocrx_word' id='word_1_50' title='bbox 721 480 794 507; x_wconf 85' lang='lat' dir='ltr'>Item</span> <span class='ocrx_word' id='word_1_51' title='bbox 809 480 872 516; x_wconf 77' lang='lat' dir='ltr'>lego</span> <span class='ocrx_word' id='word_1_52' title='bbox 887 479 1000 506; x_wconf 88' lang='lat' dir='ltr'>duobus</span> <span class='ocrx_word' id='word_1_53' title='bbox 1015 479 1182 515; x_wconf 84' lang='lat' dir='ltr'>presbiteris</span> <span class='ocrx_word' id='word_1_54' title='bbox 1197 488 1248 515; x_wconf 90' lang='lat' dir='ltr'>pro</span> <span class='ocrx_word' id='word_1_55' title='bbox 1259 488 1303 505; x_wconf 89' lang='lat' dir='ltr'>me</span> <span class='ocrx_word' id='word_1_56' title='bbox 1316 478 1442 514; x_wconf 79' lang='lat' dir='ltr'>meisque</span> <span class='ocrx_word' id='word_1_57' title='bbox 1457 486 1558 513; x_wconf 87' lang='lat' dir='ltr'>paren-</span> 
     </span>
     <span class='ocr_line' id='line_1_6' title="bbox 172 527 1558 567; baseline -0.003 -9"><span class='ocrx_word' id='word_1_58' title='bbox 172 532 261 563; x_wconf 84' lang='lat' dir='ltr'>tibus,</span> <span class='ocrx_word' id='word_1_59' title='bbox 278 536 364 567; x_wconf 88' lang='lat' dir='ltr'>atque</span> <span class='ocrx_word' id='word_1_60' title='bbox 379 531 527 557; x_wconf 75' lang='lat' dir='ltr'>animabus</span> <span class='ocrx_word' id='word_1_61' title='bbox 543 539 670 557; x_wconf 82' lang='lat' dir='ltr'>mearum</span> <span class='ocrx_word' id='word_1_62' title='bbox 690 539 816 556; x_wconf 78' lang='lat' dir='ltr'>uxorum</span> <span class='ocrx_word' id='word_1_63' title='bbox 832 529 960 565; x_wconf 78' lang='lat' dir='ltr'>quotidie</span> <span class='ocrx_word' id='word_1_64' title='bbox 980 529 1138 559; x_wconf 81' lang='lat' dir='ltr'>orantibus,</span> <span class='ocrx_word' id='word_1_65' title='bbox 1162 538 1287 564; x_wconf 89' lang='lat' dir='ltr'>quorum</span> <span class='ocrx_word' id='word_1_66' title='bbox 1305 537 1381 555; x_wconf 90' lang='lat' dir='ltr'>unus</span> <span class='ocrx_word' id='word_1_67' title='bbox 1401 527 1558 554; x_wconf 81' lang='lat' dir='ltr'>celebrabit</span> 
     </span>
     <span class='ocr_line' id='line_1_7' title="bbox 174 577 1556 617; baseline -0.003 -10"><span class='ocrx_word' id='word_1_68' title='bbox 174 580 203 606; x_wconf 92' lang='grc'>111</span> <span class='ocrx_word' id='word_1_69' title='bbox 216 580 322 617; x_wconf 85' lang='lat' dir='ltr'>capella</span> <span class='ocrx_word' id='word_1_70' title='bbox 336 581 418 607; x_wconf 85' lang='lat' dir='ltr'>beate</span> <span class='ocrx_word' id='word_1_71' title='bbox 438 580 527 607; x_wconf 84' lang='lat' dir='ltr'>Marie</span> <span class='ocrx_word' id='word_1_72' title='bbox 544 579 658 611; x_wconf 74' lang='lat' dir='ltr'>ibidem,</span> <span class='ocrx_word' id='word_1_73' title='bbox 681 584 710 606; x_wconf 85' lang='lat' dir='ltr'>et</span> <span class='ocrx_word' id='word_1_74' title='bbox 729 579 801 606; x_wconf 80' lang='lat' dir='ltr'>alter</span> <span class='ocrx_word' id='word_1_75' title='bbox 816 579 846 605; x_wconf 90' lang='lat' dir='ltr'>in</span> <span class='ocrx_word' id='word_1_76' title='bbox 860 578 989 615; x_wconf 77' lang='lat' dir='ltr'>predicto</span> <span class='ocrx_word' id='word_1_77' title='bbox 1008 579 1093 605; x_wconf 87' lang='lat' dir='ltr'>altari</span> <span class='ocrx_word' id='word_1_78' title='bbox 1114 578 1213 605; x_wconf 77' lang='lat' dir='ltr'>Sancti</span> <span class='ocrx_word' id='word_1_79' title='bbox 1227 577 1336 610; x_wconf 80' lang='lat' dir='ltr'>Jacobi,</span> <span class='ocrx_word' id='word_1_80' title='bbox 1353 582 1381 604; x_wconf 86' lang='lat' dir='ltr'>et</span> <span class='ocrx_word' id='word_1_81' title='bbox 1396 577 1449 604; x_wconf 91' lang='grc'><strong>1100</strong></span> <span class='ocrx_word' id='word_1_82' title='bbox 1464 577 1498 604; x_wconf 91' lang='lat' dir='ltr'>de</span> <span class='ocrx_word' id='word_1_83' title='bbox 1514 586 1556 603; x_wconf 86' lang='lat' dir='ltr'>re-</span> 
     </span>
     <span class='ocr_line' id='line_1_8' title="bbox 172 626 1554 665; baseline -0.001 -10"><span class='ocrx_word' id='word_1_84' title='bbox 172 628 275 664; x_wconf 80' lang='lat' dir='ltr'>quiem,</span> <span class='ocrx_word' id='word_1_85' title='bbox 292 633 320 655; x_wconf 87' lang='lat' dir='ltr'>et</span> <span class='ocrx_word' id='word_1_86' title='bbox 334 633 457 665; x_wconf 85' lang='lat' dir='ltr'>uterquc</span> <span class='ocrx_word' id='word_1_87' title='bbox 477 638 575 655; x_wconf 86' lang='lat' dir='ltr'>eorum</span> <span class='ocrx_word' id='word_1_88' title='bbox 591 629 620 655; x_wconf 94' lang='lat' dir='ltr'>in</span> <span class='ocrx_word' id='word_1_89' title='bbox 634 628 719 655; x_wconf 82' lang='lat' dir='ltr'>choro</span> <span class='ocrx_word' id='word_1_90' title='bbox 734 627 862 664; x_wconf 81' lang='lat' dir='ltr'>predicto</span> <span class='ocrx_word' id='word_1_91' title='bbox 877 627 1006 664; x_wconf 80' lang='lat' dir='ltr'>quotidie</span> <span class='ocrx_word' id='word_1_92' title='bbox 1020 627 1138 655; x_wconf 82' lang='lat' dir='ltr'>habebit</span> <span class='ocrx_word' id='word_1_93' title='bbox 1157 628 1192 654; x_wconf 86' lang='lat' dir='ltr'>ab</span> <span class='ocrx_word' id='word_1_94' title='bbox 1208 627 1304 654; x_wconf 80' lang='lat' dir='ltr'>eodem</span> <span class='ocrx_word' id='word_1_95' title='bbox 1325 627 1444 663; x_wconf 80' lang='lat' dir='ltr'>collegio</span> <span class='ocrx_word' id='word_1_96' title='bbox 1459 626 1554 653; x_wconf 87' lang='lat' dir='ltr'>victu-</span> 
     </span>
     <span class='ocr_line' id='line_1_9' title="bbox 172 675 1551 714; baseline -0.001 -10"><span class='ocrx_word' id='word_1_97' title='bbox 172 678 233 705; x_wconf 85' lang='lat' dir='ltr'>alia.</span> <span class='ocrx_word' id='word_1_98' title='bbox 294 678 368 705; x_wconf 85' lang='lat' dir='ltr'>Item</span> <span class='ocrx_word' id='word_1_99' title='bbox 391 678 454 714; x_wconf 81' lang='lat' dir='ltr'>lego</span> <span class='ocrx_word' id='word_1_100' title='bbox 479 677 614 714; x_wconf 77' lang='lat' dir='ltr'>predictis</span> <span class='ocrx_word' id='word_1_101' title='bbox 637 677 802 714; x_wconf 80' lang='lat' dir='ltr'>presbiteris</span> <span class='ocrx_word' id='word_1_102' title='bbox 829 682 990 705; x_wconf 87' lang='lat' dir='ltr'>tenementa</span> <span class='ocrx_word' id='word_1_103' title='bbox 1011 687 1067 713; x_wconf 88' lang='lat' dir='ltr'>que</span> <span class='ocrx_word' id='word_1_104' title='bbox 1092 677 1249 714; x_wconf 80' lang='lat' dir='ltr'>perquisivi</span> <span class='ocrx_word' id='word_1_105' title='bbox 1272 686 1287 703; x_wconf 91' lang='lat' dir='ltr'>a</span> <span class='ocrx_word' id='word_1_106' title='bbox 1311 675 1443 703; x_wconf 66' lang='lat' dir='ltr'>&lt;Iohanne</span> <span class='ocrx_word' id='word_1_107' title='bbox 1466 675 1551 703; x_wconf 84' lang='lat' dir='ltr'>Slone</span> 
     </span>
     <span class='ocr_line' id='line_1_10' title="bbox 175 724 1553 764; baseline -0.002 -11"><span class='ocrx_word' id='word_1_108' title='bbox 175 726 383 764; x_wconf 81' lang='lat' dir='ltr'>O’Meolkyllid</span> <span class='ocrx_word' id='word_1_109' title='bbox 402 726 477 753; x_wconf 81' lang='lat' dir='ltr'>infra</span> <span class='ocrx_word' id='word_1_110' title='bbox 490 726 647 762; x_wconf 79' lang='lat' dir='ltr'>predictam</span> <span class='ocrx_word' id='word_1_111' title='bbox 662 726 767 753; x_wconf 85' lang='lat' dir='ltr'>villam.</span> <span class='ocrx_word' id='word_1_112' title='bbox 819 726 893 752; x_wconf 85' lang='lat' dir='ltr'>Item</span> <span class='ocrx_word' id='word_1_113' title='bbox 907 725 970 762; x_wconf 83' lang='lat' dir='ltr'>lego</span> <span class='ocrx_word' id='word_1_114' title='bbox 984 725 1089 753; x_wconf 88' lang='lat' dir='ltr'>eisdem</span> <span class='ocrx_word' id='word_1_115' title='bbox 1110 725 1227 752; x_wconf 85' lang='lat' dir='ltr'>domum</span> <span class='ocrx_word' id='word_1_116' title='bbox 1242 734 1328 760; x_wconf 76' lang='grc'><strong>(1110111</strong></span> <span class='ocrx_word' id='word_1_117' title='bbox 1343 724 1500 760; x_wconf 82' lang='lat' dir='ltr'>perquisivi</span> <span class='ocrx_word' id='word_1_118' title='bbox 1515 724 1553 750; x_wconf 89' lang='lat' dir='ltr'>ab</span> 
     </span>
     <span class='ocr_line' id='line_1_11' title="bbox 176 773 1557 810; baseline -0.002 -8"><span class='ocrx_word' id='word_1_119' title='bbox 176 775 330 802; x_wconf 88' lang='lat' dir='ltr'>Edmundo</span> <span class='ocrx_word' id='word_1_120' title='bbox 345 774 434 802; x_wconf 84' lang='lat' dir='ltr'>Blake</span> <span class='ocrx_word' id='word_1_121' title='bbox 445 784 510 801; x_wconf 87' lang='lat' dir='ltr'>cum</span> <span class='ocrx_word' id='word_1_122' title='bbox 529 774 588 801; x_wconf 86' lang='lat' dir='ltr'>suis</span> <span class='ocrx_word' id='word_1_123' title='bbox 599 774 792 810; x_wconf 82' lang='lat' dir='ltr'>pertinenciis,</span> <span class='ocrx_word' id='word_1_124' title='bbox 805 773 943 809; x_wconf 83' lang='lat' dir='ltr'>quejacet</span> <span class='ocrx_word' id='word_1_125' title='bbox 955 783 991 800; x_wconf 81' lang='lat' dir='ltr'>ex</span> <span class='ocrx_word' id='word_1_126' title='bbox 1002 773 1134 810; x_wconf 86' lang='lat' dir='ltr'>opposito</span> <span class='ocrx_word' id='word_1_127' title='bbox 1144 782 1206 800; x_wconf 82' lang='lat' dir='ltr'>mea</span> <span class='ocrx_word' id='word_1_128' title='bbox 1218 777 1388 800; x_wconf 86' lang='lat' dir='ltr'>tenementa.</span> <span class='ocrx_word' id='word_1_129' title='bbox 1412 773 1485 800; x_wconf 83' lang='lat' dir='ltr'>Item</span> <span class='ocrx_word' id='word_1_130' title='bbox 1495 773 1557 809; x_wconf 75' lang='lat' dir='ltr'>lego</span> 
     </span>
     <span class='ocr_line' id='line_1_12' title="bbox 177 820 1558 859; baseline -0.004 -7"><span class='ocrx_word' id='word_1_131' title='bbox 177 824 282 852; x_wconf 80' lang='lat' dir='ltr'>eisdem</span> <span class='ocrx_word' id='word_1_132' title='bbox 293 824 409 851; x_wconf 89' lang='lat' dir='ltr'>domum</span> <span class='ocrx_word' id='word_1_133' title='bbox 423 833 507 859; x_wconf 87' lang='lat' dir='ltr'>quam</span> <span class='ocrx_word' id='word_1_134' title='bbox 522 822 679 859; x_wconf 81' lang='lat' dir='ltr'>perquisivi</span> <span class='ocrx_word' id='word_1_135' title='bbox 694 832 709 848; x_wconf 85' lang='lat' dir='ltr'>a</span> <span class='ocrx_word' id='word_1_136' title='bbox 724 821 830 849; x_wconf 84' lang='lat' dir='ltr'>Sabina</span> <span class='ocrx_word' id='word_1_137' title='bbox 844 821 1033 858; x_wconf 81' lang='lat' dir='ltr'>Ymerywire,</span> <span class='ocrx_word' id='word_1_138' title='bbox 1049 826 1078 848; x_wconf 89' lang='lat' dir='ltr'>et</span> <span class='ocrx_word' id='word_1_139' title='bbox 1092 821 1222 848; x_wconf 81' lang='lat' dir='ltr'>cituatur</span> <span class='ocrx_word' id='word_1_140' title='bbox 1236 830 1326 857; x_wconf 85' lang='lat' dir='ltr'>prope</span> <span class='ocrx_word' id='word_1_141' title='bbox 1340 820 1457 847; x_wconf 88' lang='lat' dir='ltr'>domum</span> <span class='ocrx_word' id='word_1_142' title='bbox 1477 821 1558 848; x_wconf 79' lang='lat' dir='ltr'>Petri</span> 
     </span>
     <span class='ocr_line' id='line_1_13' title="bbox 178 870 1558 911; baseline -0.004 -10"><span class='ocrx_word' id='word_1_143' title='bbox 178 873 295 911; x_wconf 87' lang='lat' dir='ltr'>Lynche</span> <span class='ocrx_word' id='word_1_144' title='bbox 309 873 365 900; x_wconf 91' lang='grc'><strong>11101</strong></span> <span class='ocrx_word' id='word_1_145' title='bbox 380 872 486 899; x_wconf 84' lang='lat' dir='ltr'>fratris.</span> <span class='ocrx_word' id='word_1_146' title='bbox 528 872 601 898; x_wconf 87' lang='lat' dir='ltr'>Item</span> <span class='ocrx_word' id='word_1_147' title='bbox 616 871 720 898; x_wconf 82' lang='lat' dir='ltr'>eisdem</span> <span class='ocrx_word' id='word_1_148' title='bbox 731 871 794 907; x_wconf 82' lang='lat' dir='ltr'>lego</span> <span class='ocrx_word' id='word_1_149' title='bbox 808 880 904 898; x_wconf 88' lang='lat' dir='ltr'>omnes</span> <span class='ocrx_word' id='word_1_150' title='bbox 915 875 1006 898; x_wconf 86' lang='lat' dir='ltr'>terras</span> <span class='ocrx_word' id='word_1_151' title='bbox 1017 880 1092 898; x_wconf 86' lang='lat' dir='ltr'>meas</span> <span class='ocrx_word' id='word_1_152' title='bbox 1108 875 1136 897; x_wconf 86' lang='lat' dir='ltr'>et</span> <span class='ocrx_word' id='word_1_153' title='bbox 1153 876 1314 897; x_wconf 86' lang='lat' dir='ltr'>tenementa</span> <span class='ocrx_word' id='word_1_154' title='bbox 1324 870 1353 897; x_wconf 90' lang='lat' dir='ltr'>in</span> <span class='ocrx_word' id='word_1_155' title='bbox 1363 870 1498 907; x_wconf 84' lang='lat' dir='ltr'>Atlmary</span> <span class='ocrx_word' id='word_1_156' title='bbox 1508 880 1558 906; x_wconf 78' lang='lat' dir='ltr'>per</span> 
     </span>
     <span class='ocr_line' id='line_1_14' title="bbox 177 919 1558 959; baseline -0.004 -9"><span class='ocrx_word' id='word_1_157' title='bbox 177 933 222 950; x_wconf 90' lang='lat' dir='ltr'>me</span> <span class='ocrx_word' id='word_1_158' title='bbox 237 927 345 959; x_wconf 87' lang='lat' dir='ltr'>emptas</span> <span class='ocrx_word' id='word_1_159' title='bbox 354 926 383 949; x_wconf 86' lang='lat' dir='ltr'>et</span> <span class='ocrx_word' id='word_1_160' title='bbox 391 930 538 958; x_wconf 81' lang='lat' dir='ltr'>possessas,</span> <span class='ocrx_word' id='word_1_161' title='bbox 550 925 583 947; x_wconf 88' lang='lat' dir='ltr'>ut</span> <span class='ocrx_word' id='word_1_162' title='bbox 593 920 728 948; x_wconf 88' lang='lat' dir='ltr'>videbitis</span> <span class='ocrx_word' id='word_1_163' title='bbox 740 920 770 947; x_wconf 89' lang='lat' dir='ltr'>in</span> <span class='ocrx_word' id='word_1_164' title='bbox 782 920 863 949; x_wconf 79' lang='lat' dir='ltr'>libro,</span> <span class='ocrx_word' id='word_1_165' title='bbox 875 924 903 947; x_wconf 88' lang='lat' dir='ltr'>et</span> <span class='ocrx_word' id='word_1_166' title='bbox 912 924 992 956; x_wconf 89' lang='lat' dir='ltr'>patet</span> <span class='ocrx_word' id='word_1_167' title='bbox 1003 920 1091 947; x_wconf 88' lang='lat' dir='ltr'>eciam</span> <span class='ocrx_word' id='word_1_168' title='bbox 1103 930 1153 956; x_wconf 87' lang='lat' dir='ltr'>per</span> <span class='ocrx_word' id='word_1_169' title='bbox 1164 919 1323 947; x_wconf 80' lang='lat' dir='ltr'>evidencias</span> <span class='ocrx_word' id='word_1_170' title='bbox 1334 919 1399 946; x_wconf 87' lang='lat' dir='ltr'>inde</span> <span class='ocrx_word' id='word_1_171' title='bbox 1409 919 1558 946; x_wconf 77' lang='lat' dir='ltr'>confectas.</span> 
     </span>
     <span class='ocr_line' id='line_1_15' title="bbox 177 968 1558 1008; baseline -0.003 -9"><span class='ocrx_word' id='word_1_172' title='bbox 177 972 251 999; x_wconf 85' lang='lat' dir='ltr'>Item</span> <span class='ocrx_word' id='word_1_173' title='bbox 272 971 334 1008; x_wconf 81' lang='lat' dir='ltr'>lego</span> <span class='ocrx_word' id='word_1_174' title='bbox 349 970 494 1007; x_wconf 88' lang='lat' dir='ltr'>Stephano</span> <span class='ocrx_word' id='word_1_175' title='bbox 508 980 569 997; x_wconf 88' lang='lat' dir='ltr'>meo</span> <span class='ocrx_word' id='word_1_176' title='bbox 590 969 689 997; x_wconf 90' lang='lat' dir='ltr'>heredi</span> <span class='ocrx_word' id='word_1_177' title='bbox 703 974 899 996; x_wconf 81' lang='lat' dir='ltr'>tenementum</span> <span class='ocrx_word' id='word_1_178' title='bbox 914 979 1009 996; x_wconf 88' lang='lat' dir='ltr'>meum</span> <span class='ocrx_word' id='word_1_179' title='bbox 1021 969 1185 1005; x_wconf 84' lang='lat' dir='ltr'>principale,</span> <span class='ocrx_word' id='word_1_180' title='bbox 1202 969 1231 995; x_wconf 91' lang='lat' dir='ltr'>in</span> <span class='ocrx_word' id='word_1_181' title='bbox 1251 978 1307 1005; x_wconf 90' lang='lat' dir='ltr'>quo</span> <span class='ocrx_word' id='word_1_182' title='bbox 1327 978 1404 995; x_wconf 90' lang='lat' dir='ltr'>nunc</span> <span class='ocrx_word' id='word_1_183' title='bbox 1421 968 1558 1000; x_wconf 79' lang='lat' dir='ltr'>inhabito,</span> 
     </span>
     <span class='ocr_line' id='line_1_16' title="bbox 177 1018 1559 1056; baseline -0.003 -8"><span class='ocrx_word' id='word_1_184' title='bbox 177 1031 242 1048; x_wconf 88' lang='lat' dir='ltr'>cum</span> <span class='ocrx_word' id='word_1_185' title='bbox 258 1021 316 1048; x_wconf 88' lang='lat' dir='ltr'>suis</span> <span class='ocrx_word' id='word_1_186' title='bbox 330 1021 462 1048; x_wconf 89' lang='lat' dir='ltr'>omnibus</span> <span class='ocrx_word' id='word_1_187' title='bbox 477 1020 669 1056; x_wconf 73' lang='lat' dir='ltr'>pertinenciis,</span> <span class='ocrx_word' id='word_1_188' title='bbox 685 1024 773 1056; x_wconf 90' lang='lat' dir='ltr'>prout</span> <span class='ocrx_word' id='word_1_189' title='bbox 787 1029 838 1056; x_wconf 83' lang='lat' dir='ltr'>ego</span> <span class='ocrx_word' id='word_1_190' title='bbox 859 1029 935 1046; x_wconf 89' lang='lat' dir='ltr'>nunc</span> <span class='ocrx_word' id='word_1_191' title='bbox 950 1019 1023 1046; x_wconf 88' lang='lat' dir='ltr'>illud</span> <span class='ocrx_word' id='word_1_192' title='bbox 1038 1019 1174 1055; x_wconf 84' lang='lat' dir='ltr'>possideo,</span> <span class='ocrx_word' id='word_1_193' title='bbox 1197 1028 1283 1055; x_wconf 87' lang='lat' dir='ltr'>super</span> <span class='ocrx_word' id='word_1_194' title='bbox 1299 1038 1412 1045; x_wconf 84' lang='grc'><strong>......</strong></span> <span class='ocrx_word' id='word_1_195' title='bbox 1429 1018 1559 1054; x_wconf 85' lang='lat' dir='ltr'>relinquo</span> 
     </span>
     <span class='ocr_line' id='line_1_17' title="bbox 178 1067 1559 1105; baseline -0.001 -9"><span class='ocrx_word' id='word_1_196' title='bbox 178 1080 274 1097; x_wconf 82' lang='lat' dir='ltr'>meum</span> <span class='ocrx_word' id='word_1_197' title='bbox 287 1069 515 1097; x_wconf 82' lang='lat' dir='ltr'>anniversarium</span> <span class='ocrx_word' id='word_1_198' title='bbox 529 1078 715 1105; x_wconf 83' lang='lat' dir='ltr'>mearumque</span> <span class='ocrx_word' id='word_1_199' title='bbox 730 1069 878 1096; x_wconf 86' lang='lat' dir='ltr'>ambarum</span> <span class='ocrx_word' id='word_1_200' title='bbox 893 1078 1021 1096; x_wconf 75' lang='lat' dir='ltr'>uxorum</span> <span class='ocrx_word' id='word_1_201' title='bbox 1039 1069 1263 1105; x_wconf 73' lang='lat' dir='ltr'>imperpetuum,</span> <span class='ocrx_word' id='word_1_202' title='bbox 1286 1069 1314 1094; x_wconf 91' lang='lat' dir='ltr'>in</span> <span class='ocrx_word' id='word_1_203' title='bbox 1327 1067 1424 1095; x_wconf 81' lang='lat' dir='ltr'>cadem</span> <span class='ocrx_word' id='word_1_204' title='bbox 1444 1067 1559 1094; x_wconf 82' lang='lat' dir='ltr'>ecclesia</span> 
     </span>
     <span class='ocr_line' id='line_1_18' title="bbox 178 1117 1558 1155; baseline -0.002 -9"><span class='ocrx_word' id='word_1_205' title='bbox 178 1119 388 1146; x_wconf 84' lang='lat' dir='ltr'>celebrandum.</span> <span class='ocrx_word' id='word_1_206' title='bbox 431 1119 504 1145; x_wconf 87' lang='lat' dir='ltr'>Itcm</span> <span class='ocrx_word' id='word_1_207' title='bbox 519 1119 580 1154; x_wconf 82' lang='lat' dir='ltr'>lego</span> <span class='ocrx_word' id='word_1_208' title='bbox 595 1118 685 1146; x_wconf 84' lang='lat' dir='ltr'>eidem</span> <span class='ocrx_word' id='word_1_209' title='bbox 700 1118 845 1155; x_wconf 85' lang='lat' dir='ltr'>Stephano</span> <span class='ocrx_word' id='word_1_210' title='bbox 857 1123 1019 1146; x_wconf 83' lang='lat' dir='ltr'>tenementa</span> <span class='ocrx_word' id='word_1_211' title='bbox 1029 1128 1084 1154; x_wconf 88' lang='lat' dir='ltr'>que</span> <span class='ocrx_word' id='word_1_212' title='bbox 1100 1119 1259 1154; x_wconf 86' lang='lat' dir='ltr'>perquisivi</span> <span class='ocrx_word' id='word_1_213' title='bbox 1274 1128 1289 1145; x_wconf 87' lang='lat' dir='ltr'>a</span> <span class='ocrx_word' id='word_1_214' title='bbox 1304 1118 1418 1145; x_wconf 86' lang='lat' dir='ltr'>domino</span> <span class='ocrx_word' id='word_1_215' title='bbox 1429 1117 1558 1145; x_wconf 59' lang='lat' dir='ltr'>IValtero</span> 
     </span>
     <span class='ocr_line' id='line_1_19' title="bbox 179 1167 1559 1204; baseline -0.001 -10"><span class='ocrx_word' id='word_1_216' title='bbox 179 1168 277 1200; x_wconf 79' lang='lat' dir='ltr'>Blake,</span> <span class='ocrx_word' id='word_1_217' title='bbox 288 1177 319 1195; x_wconf 86' lang='lat' dir='ltr'>ac</span> <span class='ocrx_word' id='word_1_218' title='bbox 325 1167 441 1194; x_wconf 88' lang='lat' dir='ltr'>domum</span> <span class='ocrx_word' id='word_1_219' title='bbox 450 1167 589 1203; x_wconf 84' lang='lat' dir='ltr'>lapideam</span> <span class='ocrx_word' id='word_1_220' title='bbox 599 1176 685 1203; x_wconf 89' lang='lat' dir='ltr'>prope</span> <span class='ocrx_word' id='word_1_221' title='bbox 695 1167 768 1194; x_wconf 90' lang='lat' dir='ltr'>illud</span> <span class='ocrx_word' id='word_1_222' title='bbox 778 1177 863 1203; x_wconf 88' lang='lat' dir='ltr'>quam</span> <span class='ocrx_word' id='word_1_223' title='bbox 874 1167 1033 1204; x_wconf 78' lang='lat' dir='ltr'>perquisivi</span> <span class='ocrx_word' id='word_1_224' title='bbox 1043 1177 1058 1194; x_wconf 86' lang='lat' dir='ltr'>a</span> <span class='ocrx_word' id='word_1_225' title='bbox 1065 1167 1173 1194; x_wconf 81' lang='lat' dir='ltr'>Davide</span> <span class='ocrx_word' id='word_1_226' title='bbox 1180 1167 1319 1199; x_wconf 81' lang='lat' dir='ltr'>Bodekin,</span> <span class='ocrx_word' id='word_1_227' title='bbox 1329 1177 1394 1194; x_wconf 91' lang='lat' dir='ltr'>cum</span> <span class='ocrx_word' id='word_1_228' title='bbox 1405 1167 1463 1193; x_wconf 89' lang='lat' dir='ltr'>suis</span> <span class='ocrx_word' id='word_1_229' title='bbox 1470 1167 1559 1202; x_wconf 85' lang='lat' dir='ltr'>perti-</span> 
     </span>
     <span class='ocr_line' id='line_1_20' title="bbox 179 1214 1557 1253; baseline 0 -10"><span class='ocrx_word' id='word_1_230' title='bbox 179 1216 294 1243; x_wconf 86' lang='lat' dir='ltr'>nenciis.</span> <span class='ocrx_word' id='word_1_231' title='bbox 336 1215 409 1243; x_wconf 85' lang='lat' dir='ltr'>Item</span> <span class='ocrx_word' id='word_1_232' title='bbox 420 1215 483 1251; x_wconf 82' lang='lat' dir='ltr'>lego</span> <span class='ocrx_word' id='word_1_233' title='bbox 492 1215 543 1242; x_wconf 87' lang='lat' dir='ltr'>vii.</span> <span class='ocrx_word' id='word_1_234' title='bbox 561 1214 628 1242; x_wconf 87' lang='lat' dir='ltr'>filiis</span> <span class='ocrx_word' id='word_1_235' title='bbox 639 1215 743 1252; x_wconf 87' lang='lat' dir='ltr'>prefati</span> <span class='ocrx_word' id='word_1_236' title='bbox 754 1214 890 1252; x_wconf 86' lang='lat' dir='ltr'>Stephani</span> <span class='ocrx_word' id='word_1_237' title='bbox 905 1220 934 1243; x_wconf 89' lang='lat' dir='ltr'>et</span> <span class='ocrx_word' id='word_1_238' title='bbox 945 1225 1044 1243; x_wconf 87' lang='lat' dir='ltr'>eorum</span> <span class='ocrx_word' id='word_1_239' title='bbox 1058 1216 1179 1243; x_wconf 82' lang='lat' dir='ltr'>cuilibet</span> <span class='ocrx_word' id='word_1_240' title='bbox 1192 1217 1256 1243; x_wconf 83' lang='lat' dir='ltr'>libr.</span> <span class='ocrx_word' id='word_1_241' title='bbox 1272 1216 1328 1243; x_wconf 70' lang='lat' dir='ltr'>XXn</span> <span class='ocrx_word' id='word_1_242' title='bbox 1343 1217 1557 1253; x_wconf 83' lang='lat' dir='ltr'>sterlingorum,</span> 
     </span>
     <span class='ocr_line' id='line_1_21' title="bbox 179 1264 1558 1301; baseline 0.001 -9"><span class='ocrx_word' id='word_1_243' title='bbox 179 1275 289 1292; x_wconf 82' lang='lat' dir='ltr'>summa</span> <span class='ocrx_word' id='word_1_244' title='bbox 303 1269 419 1292; x_wconf 84' lang='lat' dir='ltr'>centum</span> <span class='ocrx_word' id='word_1_245' title='bbox 433 1265 511 1291; x_wconf 83' lang='lat' dir='ltr'>ultra</span> <span class='ocrx_word' id='word_1_246' title='bbox 530 1264 629 1292; x_wconf 84' lang='lat' dir='ltr'>libras.</span> <span class='ocrx_word' id='word_1_247' title='bbox 672 1264 746 1291; x_wconf 87' lang='lat' dir='ltr'>Item</span> <span class='ocrx_word' id='word_1_248' title='bbox 760 1264 892 1301; x_wconf 82' lang='lat' dir='ltr'>relinquo</span> <span class='ocrx_word' id='word_1_249' title='bbox 907 1265 925 1292; x_wconf 78' lang='lat' dir='ltr'>J</span> <span class='ocrx_word' id='word_1_250' title='bbox 929 1265 1053 1291; x_wconf 83' lang='lat' dir='ltr'>ulianam</span> <span class='ocrx_word' id='word_1_251' title='bbox 1070 1286 1075 1291; x_wconf 92' lang='lat'><em>.</em></span> <span class='ocrx_word' id='word_1_252' title='bbox 1092 1286 1098 1291; x_wconf 90' lang='lat'><strong>.</strong></span> <span class='ocrx_word' id='word_1_253' title='bbox 1112 1286 1118 1292; x_wconf 93' lang='lat'>.</span> <span class='ocrx_word' id='word_1_254' title='bbox 1138 1284 1144 1290; x_wconf 90' lang='lat'>.</span> <span class='ocrx_word' id='word_1_255' title='bbox 1158 1287 1163 1292; x_wconf 87' lang='lat'><em>.</em></span> <span class='ocrx_word' id='word_1_256' title='bbox 1180 1287 1186 1292; x_wconf 94' lang='lat'>.</span> <span class='ocrx_word' id='word_1_257' title='bbox 1202 1276 1292 1293; x_wconf 82' lang='lat' dir='ltr'>ineam</span> <span class='ocrx_word' id='word_1_258' title='bbox 1309 1276 1431 1294; x_wconf 79' lang='lat' dir='ltr'>uxorem</span> <span class='ocrx_word' id='word_1_259' title='bbox 1447 1266 1477 1292; x_wconf 89' lang='lat' dir='ltr'>in</span> <span class='ocrx_word' id='word_1_260' title='bbox 1492 1266 1558 1293; x_wconf 91' lang='lat' dir='ltr'>sub-</span> 
     </span>
     <span class='ocr_line' id='line_1_22' title="bbox 176 1313 1561 1352; baseline 0.001 -10"><span class='ocrx_word' id='word_1_261' title='bbox 176 1315 302 1350; x_wconf 83' lang='lat' dir='ltr'>jeccione</span> <span class='ocrx_word' id='word_1_262' title='bbox 316 1319 344 1342; x_wconf 85' lang='lat' dir='ltr'>et</span> <span class='ocrx_word' id='word_1_263' title='bbox 354 1314 480 1341; x_wconf 83' lang='lat' dir='ltr'>tuicione</span> <span class='ocrx_word' id='word_1_264' title='bbox 494 1314 597 1350; x_wconf 88' lang='lat' dir='ltr'>prefati</span> <span class='ocrx_word' id='word_1_265' title='bbox 613 1313 758 1350; x_wconf 81' lang='lat' dir='ltr'>Stephani,</span> <span class='ocrx_word' id='word_1_266' title='bbox 776 1324 860 1350; x_wconf 91' lang='lat' dir='ltr'>quem</span> <span class='ocrx_word' id='word_1_267' title='bbox 874 1315 975 1342; x_wconf 89' lang='lat' dir='ltr'>intime</span> <span class='ocrx_word' id='word_1_268' title='bbox 989 1325 1058 1351; x_wconf 83' lang='lat' dir='ltr'>rogo</span> <span class='ocrx_word' id='word_1_269' title='bbox 1068 1321 1210 1351; x_wconf 77' lang='lat' dir='ltr'>quatenus</span> <span class='ocrx_word' id='word_1_270' title='bbox 1224 1317 1351 1352; x_wconf 88' lang='lat' dir='ltr'>predicte</span> <span class='ocrx_word' id='word_1_271' title='bbox 1363 1317 1479 1344; x_wconf 80' lang='lat' dir='ltr'>Juliane</span> <span class='ocrx_word' id='word_1_272' title='bbox 1490 1317 1561 1343; x_wconf 85' lang='lat' dir='ltr'>bene</span> 
     </span>
     <span class='ocr_line' id='line_1_23' title="bbox 179 1362 1558 1401; baseline 0.001 -11"><span class='ocrx_word' id='word_1_273' title='bbox 179 1363 279 1395; x_wconf 84' lang='lat' dir='ltr'>faciat;</span> <span class='ocrx_word' id='word_1_274' title='bbox 301 1362 393 1389; x_wconf 89' lang='lat' dir='ltr'>dando</span> <span class='ocrx_word' id='word_1_275' title='bbox 405 1362 459 1389; x_wconf 88' lang='lat' dir='ltr'>sibi</span> <span class='ocrx_word' id='word_1_276' title='bbox 470 1362 564 1389; x_wconf 85' lang='lat' dir='ltr'>onmia</span> <span class='ocrx_word' id='word_1_277' title='bbox 572 1372 627 1398; x_wconf 85' lang='lat' dir='ltr'>que</span> <span class='ocrx_word' id='word_1_278' title='bbox 641 1362 725 1389; x_wconf 82' lang='lat' dir='ltr'>debet</span> <span class='ocrx_word' id='word_1_279' title='bbox 739 1362 850 1396; x_wconf 85' lang='lat' dir='ltr'>habere,</span> <span class='ocrx_word' id='word_1_280' title='bbox 867 1363 1069 1391; x_wconf 86' lang='lat' dir='ltr'>considerando</span> <span class='ocrx_word' id='word_1_281' title='bbox 1084 1374 1176 1391; x_wconf 79' lang='grc'><strong>11100111</strong></span> <span class='ocrx_word' id='word_1_282' title='bbox 1192 1365 1314 1401; x_wconf 87' lang='lat' dir='ltr'>primam</span> <span class='ocrx_word' id='word_1_283' title='bbox 1329 1375 1450 1392; x_wconf 80' lang='lat' dir='ltr'>uxorem</span> <span class='ocrx_word' id='word_1_284' title='bbox 1467 1366 1558 1392; x_wconf 77' lang='lat' dir='ltr'>Anas—</span> 
     </span>
     <span class='ocr_line' id='line_1_24' title="bbox 176 1411 1559 1450; baseline 0.001 -12"><span class='ocrx_word' id='word_1_285' title='bbox 176 1412 278 1439; x_wconf 82' lang='lat' dir='ltr'>taciam</span> <span class='ocrx_word' id='word_1_286' title='bbox 293 1412 419 1449; x_wconf 65' lang='lat' dir='ltr'>Martyn,</span> <span class='ocrx_word' id='word_1_287' title='bbox 436 1421 501 1438; x_wconf 90' lang='lat' dir='ltr'>cum</span> <span class='ocrx_word' id='word_1_288' title='bbox 516 1411 632 1438; x_wconf 86' lang='lat' dir='ltr'>consilio</span> <span class='ocrx_word' id='word_1_289' title='bbox 647 1417 835 1439; x_wconf 74' lang='lat' dir='ltr'>exeeutorum</span> <span class='ocrx_word' id='word_1_290' title='bbox 850 1422 978 1440; x_wconf 85' lang='lat' dir='ltr'>meorum</span> <span class='ocrx_word' id='word_1_291' title='bbox 993 1423 1023 1440; x_wconf 87' lang='lat' dir='ltr'>ac</span> <span class='ocrx_word' id='word_1_292' title='bbox 1039 1413 1160 1440; x_wconf 88' lang='lat' dir='ltr'>aliorum</span> <span class='ocrx_word' id='word_1_293' title='bbox 1180 1414 1350 1450; x_wconf 88' lang='lat' dir='ltr'>peritorum,</span> <span class='ocrx_word' id='word_1_294' title='bbox 1367 1419 1395 1441; x_wconf 89' lang='lat' dir='ltr'>et</span> <span class='ocrx_word' id='word_1_295' title='bbox 1410 1423 1476 1440; x_wconf 90' lang='lat' dir='ltr'>cum</span> <span class='ocrx_word' id='word_1_296' title='bbox 1485 1414 1559 1440; x_wconf 86' lang='lat' dir='ltr'>bona</span> 
     </span>
     <span class='ocr_line' id='line_1_25' title="bbox 177 1461 1559 1498; baseline -0.001 -9"><span class='ocrx_word' id='word_1_297' title='bbox 177 1467 320 1490; x_wconf 79' lang='lat' dir='ltr'>consueta.</span> <span class='ocrx_word' id='word_1_298' title='bbox 376 1463 414 1489; x_wconf 85' lang='lat' dir='ltr'>Et</span> <span class='ocrx_word' id='word_1_299' title='bbox 435 1461 544 1498; x_wconf 82' lang='lat' dir='ltr'>prefata</span> <span class='ocrx_word' id='word_1_300' title='bbox 558 1461 674 1489; x_wconf 83' lang='lat' dir='ltr'>Juliana</span> <span class='ocrx_word' id='word_1_301' title='bbox 692 1462 763 1489; x_wconf 87' lang='lat' dir='ltr'>bene</span> <span class='ocrx_word' id='word_1_302' title='bbox 778 1472 806 1489; x_wconf 85' lang='lat' dir='ltr'>se</span> <span class='ocrx_word' id='word_1_303' title='bbox 823 1467 903 1498; x_wconf 76' lang='lat' dir='ltr'>reget</span> <span class='ocrx_word' id='word_1_304' title='bbox 918 1468 1005 1498; x_wconf 87' lang='lat' dir='ltr'>prout</span> <span class='ocrx_word' id='word_1_305' title='bbox 1027 1463 1114 1490; x_wconf 84' lang='lat' dir='ltr'>decet.</span> <span class='ocrx_word' id='word_1_306' title='bbox 1171 1463 1243 1490; x_wconf 86' lang='lat' dir='ltr'>Item</span> <span class='ocrx_word' id='word_1_307' title='bbox 1268 1463 1396 1491; x_wconf 85' lang='lat' dir='ltr'>Gabrieli</span> <span class='ocrx_word' id='word_1_308' title='bbox 1417 1463 1476 1490; x_wconf 84' lang='lat' dir='ltr'>filio</span> <span class='ocrx_word' id='word_1_309' title='bbox 1497 1472 1559 1489; x_wconf 88' lang='lat' dir='ltr'>meo</span> 
     </span>
     <span class='ocr_line' id='line_1_26' title="bbox 177 1511 1558 1549; baseline 0.001 -10"><span class='ocrx_word' id='word_1_310' title='bbox 177 1512 239 1548; x_wconf 79' lang='lat' dir='ltr'>lego</span> <span class='ocrx_word' id='word_1_311' title='bbox 255 1517 415 1539; x_wconf 84' lang='lat' dir='ltr'>tenementa</span> <span class='ocrx_word' id='word_1_312' title='bbox 429 1511 538 1548; x_wconf 83' lang='lat' dir='ltr'>lapidea</span> <span class='ocrx_word' id='word_1_313' title='bbox 553 1521 608 1547; x_wconf 79' lang='lat' dir='ltr'>que</span> <span class='ocrx_word' id='word_1_314' title='bbox 622 1512 780 1548; x_wconf 79' lang='lat' dir='ltr'>perquisivi</span> <span class='ocrx_word' id='word_1_315' title='bbox 794 1522 809 1538; x_wconf 94' lang='lat' dir='ltr'>a</span> <span class='ocrx_word' id='word_1_316' title='bbox 824 1512 982 1539; x_wconf 87' lang='lat' dir='ltr'>Willielmo</span> <span class='ocrx_word' id='word_1_317' title='bbox 997 1512 1114 1549; x_wconf 87' lang='lat' dir='ltr'>Lynche</span> <span class='ocrx_word' id='word_1_318' title='bbox 1129 1512 1188 1540; x_wconf 87' lang='lat' dir='ltr'>filio</span> <span class='ocrx_word' id='word_1_319' title='bbox 1204 1513 1328 1540; x_wconf 80' lang='lat' dir='ltr'>Sandere</span> <span class='ocrx_word' id='word_1_320' title='bbox 1343 1523 1407 1540; x_wconf 88' lang='lat' dir='ltr'>cum</span> <span class='ocrx_word' id='word_1_321' title='bbox 1424 1514 1482 1540; x_wconf 88' lang='lat' dir='ltr'>suis</span> <span class='ocrx_word' id='word_1_322' title='bbox 1494 1523 1558 1549; x_wconf 89' lang='lat' dir='ltr'>per-</span> 
     </span>
     <span class='ocr_line' id='line_1_27' title="bbox 181 1560 1553 1597; baseline 0.001 -9"><span class='ocrx_word' id='word_1_323' title='bbox 181 1562 312 1588; x_wconf 83' lang='lat' dir='ltr'>tinenciis</span> <span class='ocrx_word' id='word_1_324' title='bbox 325 1571 355 1588; x_wconf 87' lang='lat' dir='ltr'>ac</span> <span class='ocrx_word' id='word_1_325' title='bbox 370 1570 421 1587; x_wconf 88' lang='lat' dir='ltr'>suo</span> <span class='ocrx_word' id='word_1_326' title='bbox 436 1561 606 1596; x_wconf 72' lang='lat' dir='ltr'>pavimento,</span> <span class='ocrx_word' id='word_1_327' title='bbox 625 1570 655 1587; x_wconf 84' lang='lat' dir='ltr'>ac</span> <span class='ocrx_word' id='word_1_328' title='bbox 675 1560 791 1587; x_wconf 83' lang='lat' dir='ltr'>domum</span> <span class='ocrx_word' id='word_1_329' title='bbox 810 1560 948 1596; x_wconf 82' lang='lat' dir='ltr'>lapideam</span> <span class='ocrx_word' id='word_1_330' title='bbox 967 1561 995 1587; x_wconf 89' lang='lat' dir='ltr'>in</span> <span class='ocrx_word' id='word_1_331' title='bbox 1014 1571 1069 1597; x_wconf 86' lang='lat' dir='ltr'>qua</span> <span class='ocrx_word' id='word_1_332' title='bbox 1088 1561 1231 1589; x_wconf 78' lang='lat' dir='ltr'>inhabitat</span> <span class='ocrx_word' id='word_1_333' title='bbox 1247 1562 1421 1589; x_wconf 73' lang='lat' dir='ltr'>W&#39;illielmus</span> <span class='ocrx_word' id='word_1_334' title='bbox 1442 1563 1553 1590; x_wconf 64' lang='lat' dir='ltr'>O&#39;Sire-</span> 
     </span>
     <span class='ocr_line' id='line_1_28' title="bbox 181 1609 1559 1646; baseline 0.001 -9"><span class='ocrx_word' id='word_1_335' title='bbox 181 1611 260 1641; x_wconf 69' lang='lat' dir='ltr'>aden,</span> <span class='ocrx_word' id='word_1_336' title='bbox 277 1615 305 1638; x_wconf 87' lang='lat' dir='ltr'>et</span> <span class='ocrx_word' id='word_1_337' title='bbox 320 1610 402 1637; x_wconf 80' lang='grc'><strong>0110111</strong></span> <span class='ocrx_word' id='word_1_338' title='bbox 417 1609 533 1636; x_wconf 87' lang='lat' dir='ltr'>domum</span> <span class='ocrx_word' id='word_1_339' title='bbox 548 1610 576 1636; x_wconf 89' lang='lat' dir='ltr'>in</span> <span class='ocrx_word' id='word_1_340' title='bbox 592 1610 685 1636; x_wconf 77' lang='lat' dir='ltr'>fronte</span> <span class='ocrx_word' id='word_1_341' title='bbox 700 1609 826 1646; x_wconf 83' lang='lat' dir='ltr'>predicte</span> <span class='ocrx_word' id='word_1_342' title='bbox 838 1609 938 1636; x_wconf 85' lang='lat' dir='ltr'>domus</span> <span class='ocrx_word' id='word_1_343' title='bbox 950 1610 979 1636; x_wconf 89' lang='lat' dir='ltr'>in</span> <span class='ocrx_word' id='word_1_344' title='bbox 991 1620 1047 1646; x_wconf 76' lang='lat' dir='ltr'>qua</span> <span class='ocrx_word' id='word_1_345' title='bbox 1059 1610 1164 1638; x_wconf 77' lang='lat' dir='ltr'>Ft&#39;ulke</span> <span class='ocrx_word' id='word_1_346' title='bbox 1173 1621 1249 1638; x_wconf 88' lang='lat' dir='ltr'>nunc</span> <span class='ocrx_word' id='word_1_347' title='bbox 1259 1611 1409 1640; x_wconf 80' lang='lat' dir='ltr'>inhabitat.</span> <span class='ocrx_word' id='word_1_348' title='bbox 1423 1622 1454 1638; x_wconf 88' lang='lat' dir='ltr'>ac</span> <span class='ocrx_word' id='word_1_349' title='bbox 1464 1622 1559 1639; x_wconf 74' lang='lat' dir='ltr'>omues</span> 
     </span>
     <span class='ocr_line' id='line_1_29' title="bbox 177 1659 1558 1696; baseline 0.001 -9"><span class='ocrx_word' id='word_1_350' title='bbox 177 1666 268 1688; x_wconf 86' lang='lat' dir='ltr'>terras</span> <span class='ocrx_word' id='word_1_351' title='bbox 282 1660 316 1687; x_wconf 87' lang='lat' dir='ltr'>ab</span> <span class='ocrx_word' id='word_1_352' title='bbox 331 1659 427 1687; x_wconf 77' lang='lat' dir='ltr'>eodem</span> <span class='ocrx_word' id='word_1_353' title='bbox 443 1659 598 1686; x_wconf 68' lang='lat' dir='ltr'>willielmo</span> <span class='ocrx_word' id='word_1_354' title='bbox 610 1659 813 1696; x_wconf 77' lang='lat' dir='ltr'>impignoratas</span> <span class='ocrx_word' id='word_1_355' title='bbox 826 1659 919 1689; x_wconf 81' lang='grc'><strong>11110111,</strong></span> <span class='ocrx_word' id='word_1_356' title='bbox 941 1659 974 1687; x_wconf 83' lang='grc'>(10</span> <span class='ocrx_word' id='word_1_357' title='bbox 990 1660 1114 1687; x_wconf 68' lang='lat' dir='ltr'>Daleban</span> <span class='ocrx_word' id='word_1_358' title='bbox 1126 1666 1153 1688; x_wconf 90' lang='lat' dir='ltr'>et</span> <span class='ocrx_word' id='word_1_359' title='bbox 1164 1661 1412 1691; x_wconf 75' lang='lat' dir='ltr'>Leacaurewache,</span> <span class='ocrx_word' id='word_1_360' title='bbox 1427 1667 1454 1689; x_wconf 85' lang='lat' dir='ltr'>et</span> <span class='ocrx_word' id='word_1_361' title='bbox 1465 1668 1558 1690; x_wconf 84' lang='lat' dir='ltr'>cetera</span> 
     </span>
     <span class='ocr_line' id='line_1_30' title="bbox 178 1708 1559 1746; baseline 0.002 -10"><span class='ocrx_word' id='word_1_362' title='bbox 178 1710 232 1737; x_wconf 81' lang='lat' dir='ltr'>alia</span> <span class='ocrx_word' id='word_1_363' title='bbox 247 1719 302 1746; x_wconf 87' lang='lat' dir='ltr'>que</span> <span class='ocrx_word' id='word_1_364' title='bbox 316 1710 351 1736; x_wconf 80' lang='lat' dir='ltr'>ab</span> <span class='ocrx_word' id='word_1_365' title='bbox 366 1709 462 1736; x_wconf 77' lang='lat' dir='ltr'>eodem</span> <span class='ocrx_word' id='word_1_366' title='bbox 477 1709 633 1736; x_wconf 79' lang='lat' dir='ltr'>Williehno</span> <span class='ocrx_word' id='word_1_367' title='bbox 645 1716 672 1736; x_wconf 88' lang='grc'>01</span> <span class='ocrx_word' id='word_1_368' title='bbox 688 1709 746 1736; x_wconf 88' lang='lat' dir='ltr'>suis</span> <span class='ocrx_word' id='word_1_369' title='bbox 761 1708 827 1735; x_wconf 86' lang='lat' dir='ltr'>filiis</span> <span class='ocrx_word' id='word_1_370' title='bbox 841 1708 938 1736; x_wconf 86' lang='lat' dir='ltr'>habeo.</span> <span class='ocrx_word' id='word_1_371' title='bbox 982 1710 1055 1737; x_wconf 82' lang='lat' dir='ltr'>Item</span> <span class='ocrx_word' id='word_1_372' title='bbox 1072 1710 1134 1746; x_wconf 75' lang='lat' dir='ltr'>lego</span> <span class='ocrx_word' id='word_1_373' title='bbox 1148 1711 1234 1737; x_wconf 86' lang='lat' dir='ltr'>Petro</span> <span class='ocrx_word' id='word_1_374' title='bbox 1248 1720 1310 1738; x_wconf 83' lang='lat' dir='ltr'>meo</span> <span class='ocrx_word' id='word_1_375' title='bbox 1324 1711 1382 1737; x_wconf 85' lang='lat' dir='ltr'>filio</span> <span class='ocrx_word' id='word_1_376' title='bbox 1400 1718 1559 1739; x_wconf 77' lang='lat' dir='ltr'>tenemcnta</span> 
     </span>
     <span class='ocr_line' id='line_1_31' title="bbox 179 1757 1555 1794; baseline 0.001 -8"><span class='ocrx_word' id='word_1_377' title='bbox 179 1769 243 1786; x_wconf 89' lang='lat' dir='ltr'>cum</span> <span class='ocrx_word' id='word_1_378' title='bbox 258 1758 316 1785; x_wconf 88' lang='lat' dir='ltr'>suis</span> <span class='ocrx_word' id='word_1_379' title='bbox 326 1758 509 1794; x_wconf 70' lang='lat' dir='ltr'>pertinenciis</span> <span class='ocrx_word' id='word_1_380' title='bbox 519 1767 573 1793; x_wconf 87' lang='lat' dir='ltr'>que</span> <span class='ocrx_word' id='word_1_381' title='bbox 589 1758 745 1793; x_wconf 76' lang='lat' dir='ltr'>perquisivi</span> <span class='ocrx_word' id='word_1_382' title='bbox 757 1757 791 1784; x_wconf 92' lang='lat' dir='ltr'>de</span> <span class='ocrx_word' id='word_1_383' title='bbox 807 1758 935 1785; x_wconf 85' lang='lat' dir='ltr'>Galfrido</span> <span class='ocrx_word' id='word_1_384' title='bbox 951 1762 979 1786; x_wconf 86' lang='lat' dir='ltr'>et</span> <span class='ocrx_word' id='word_1_385' title='bbox 996 1758 1082 1785; x_wconf 83' lang='lat' dir='ltr'>Petro</span> <span class='ocrx_word' id='word_1_386' title='bbox 1098 1758 1196 1789; x_wconf 71' lang='lat' dir='ltr'>make,</span> <span class='ocrx_word' id='word_1_387' title='bbox 1209 1768 1273 1785; x_wconf 78' lang='lat' dir='ltr'>cuin</span> <span class='ocrx_word' id='word_1_388' title='bbox 1285 1759 1344 1786; x_wconf 84' lang='lat' dir='ltr'>suis</span> <span class='ocrx_word' id='word_1_389' title='bbox 1360 1761 1516 1787; x_wconf 81' lang='lat' dir='ltr'>structuris</span> <span class='ocrx_word' id='word_1_390' title='bbox 1529 1767 1555 1788; x_wconf 84' lang='grc'>01</span> 
     </span>
     <span class='ocr_line' id='line_1_32' title="bbox 183 1806 1557 1844; baseline 0.001 -10"><span class='ocrx_word' id='word_1_391' title='bbox 183 1807 299 1834; x_wconf 84' lang='lat' dir='ltr'>edificiis</span> <span class='ocrx_word' id='word_1_392' title='bbox 323 1806 429 1833; x_wconf 85' lang='lat' dir='ltr'>ibidem</span> <span class='ocrx_word' id='word_1_393' title='bbox 450 1806 594 1833; x_wconf 78' lang='lat' dir='ltr'>edificatis,</span> <span class='ocrx_word' id='word_1_394' title='bbox 644 1807 717 1833; x_wconf 87' lang='lat' dir='ltr'>Item</span> <span class='ocrx_word' id='word_1_395' title='bbox 737 1806 868 1842; x_wconf 86' lang='lat' dir='ltr'>relinquo</span> <span class='ocrx_word' id='word_1_396' title='bbox 891 1807 1033 1843; x_wconf 84' lang='lat' dir='ltr'>prefatum</span> <span class='ocrx_word' id='word_1_397' title='bbox 1050 1807 1171 1834; x_wconf 84' lang='lat' dir='ltr'>Petrum</span> <span class='ocrx_word' id='word_1_398' title='bbox 1186 1807 1311 1844; x_wconf 68' lang='lat' dir='ltr'>Lynche,</span> <span class='ocrx_word' id='word_1_399' title='bbox 1335 1817 1401 1835; x_wconf 89' lang='lat' dir='ltr'>cum</span> <span class='ocrx_word' id='word_1_400' title='bbox 1424 1810 1557 1837; x_wconf 84' lang='lat' dir='ltr'>omnibus</span> 
     </span>
     <span class='ocr_line' id='line_1_33' title="bbox 183 1856 1553 1895; baseline 0.001 -11"><span class='ocrx_word' id='word_1_401' title='bbox 183 1857 241 1884; x_wconf 85' lang='lat' dir='ltr'>suis</span> <span class='ocrx_word' id='word_1_402' title='bbox 255 1856 336 1883; x_wconf 89' lang='lat' dir='ltr'>bonis</span> <span class='ocrx_word' id='word_1_403' title='bbox 351 1856 513 1887; x_wconf 84' lang='lat' dir='ltr'>mobilibus,</span> <span class='ocrx_word' id='word_1_404' title='bbox 530 1860 558 1882; x_wconf 86' lang='lat' dir='ltr'>ct</span> <span class='ocrx_word' id='word_1_405' title='bbox 573 1856 776 1887; x_wconf 77' lang='lat' dir='ltr'>immobilibus,</span> <span class='ocrx_word' id='word_1_406' title='bbox 797 1857 850 1883; x_wconf 89' lang='lat' dir='ltr'>sub</span> <span class='ocrx_word' id='word_1_407' title='bbox 870 1857 1048 1892; x_wconf 86' lang='lat' dir='ltr'>proteccione</span> <span class='ocrx_word' id='word_1_408' title='bbox 1067 1862 1095 1884; x_wconf 87' lang='lat' dir='ltr'>et</span> <span class='ocrx_word' id='word_1_409' title='bbox 1116 1857 1242 1884; x_wconf 85' lang='lat' dir='ltr'>tuicione</span> <span class='ocrx_word' id='word_1_410' title='bbox 1260 1857 1388 1893; x_wconf 87' lang='lat' dir='ltr'>predicte</span> <span class='ocrx_word' id='word_1_411' title='bbox 1406 1858 1553 1895; x_wconf 84' lang='lat' dir='ltr'>Stephani.</span> 
     </span>
     <span class='ocr_line' id='line_1_34' title="bbox 184 1905 1560 1944; baseline 0.001 -11"><span class='ocrx_word' id='word_1_412' title='bbox 184 1906 257 1933; x_wconf 90' lang='lat' dir='ltr'>Item</span> <span class='ocrx_word' id='word_1_413' title='bbox 272 1905 334 1941; x_wconf 83' lang='lat' dir='ltr'>lego</span> <span class='ocrx_word' id='word_1_414' title='bbox 349 1905 442 1931; x_wconf 86' lang='lat' dir='ltr'>onmia</span> <span class='ocrx_word' id='word_1_415' title='bbox 458 1909 546 1931; x_wconf 85' lang='lat' dir='ltr'>terras</span> <span class='ocrx_word' id='word_1_416' title='bbox 560 1909 589 1931; x_wconf 83' lang='lat' dir='ltr'>et</span> <span class='ocrx_word' id='word_1_417' title='bbox 606 1910 774 1937; x_wconf 78' lang='lat' dir='ltr'>tenementa,</span> <span class='ocrx_word' id='word_1_418' title='bbox 798 1905 959 1932; x_wconf 85' lang='lat' dir='ltr'>molendina</span> <span class='ocrx_word' id='word_1_419' title='bbox 973 1911 1001 1933; x_wconf 88' lang='lat' dir='ltr'>et</span> <span class='ocrx_word' id='word_1_420' title='bbox 1016 1906 1070 1932; x_wconf 83' lang='lat' dir='ltr'>alia</span> <span class='ocrx_word' id='word_1_421' title='bbox 1085 1906 1193 1933; x_wconf 87' lang='lat' dir='ltr'>edificia</span> <span class='ocrx_word' id='word_1_422' title='bbox 1212 1911 1270 1933; x_wconf 83' lang='lat' dir='ltr'>tam</span> <span class='ocrx_word' id='word_1_423' title='bbox 1287 1906 1361 1933; x_wconf 82' lang='lat' dir='ltr'>infra</span> <span class='ocrx_word' id='word_1_424' title='bbox 1378 1907 1475 1934; x_wconf 82' lang='lat' dir='ltr'>villam</span> <span class='ocrx_word' id='word_1_425' title='bbox 1496 1917 1560 1944; x_wconf 86' lang='lat' dir='ltr'>pre-</span> 
     </span>
     <span class='ocr_line' id='line_1_35' title="bbox 186 1954 1559 1993; baseline 0.001 -11"><span class='ocrx_word' id='word_1_426' title='bbox 186 1955 290 1982; x_wconf 84' lang='lat' dir='ltr'>dictam</span> <span class='ocrx_word' id='word_1_427' title='bbox 305 1963 390 1990; x_wconf 90' lang='lat' dir='ltr'>quam</span> <span class='ocrx_word' id='word_1_428' title='bbox 409 1959 491 1981; x_wconf 82' lang='lat' dir='ltr'>extra</span> <span class='ocrx_word' id='word_1_429' title='bbox 505 1954 672 1990; x_wconf 82' lang='lat' dir='ltr'>ubicunque</span> <span class='ocrx_word' id='word_1_430' title='bbox 697 1954 805 1981; x_wconf 87' lang='lat' dir='ltr'>fuerint</span> <span class='ocrx_word' id='word_1_431' title='bbox 828 1955 950 1985; x_wconf 85' lang='lat' dir='ltr'>inventa,</span> <span class='ocrx_word' id='word_1_432' title='bbox 978 1964 1085 1982; x_wconf 84' lang='lat' dir='ltr'>necnon</span> <span class='ocrx_word' id='word_1_433' title='bbox 1106 1955 1236 1991; x_wconf 75' lang='lat' dir='ltr'>gurgites</span> <span class='ocrx_word' id='word_1_434' title='bbox 1257 1955 1450 1992; x_wconf 75' lang='lat' dir='ltr'>anguillarum</span> <span class='ocrx_word' id='word_1_435' title='bbox 1473 1962 1559 1993; x_wconf 88' lang='lat' dir='ltr'>atque</span> 
     </span>
     <span class='ocr_line' id='line_1_36' title="bbox 181 2001 1558 2041; baseline 0.003 -12"><span class='ocrx_word' id='word_1_436' title='bbox 181 2003 241 2030; x_wconf 84' lang='lat' dir='ltr'>loca</span> <span class='ocrx_word' id='word_1_437' title='bbox 255 2001 336 2029; x_wconf 87' lang='lat' dir='ltr'>rethe</span> <span class='ocrx_word' id='word_1_438' title='bbox 357 2001 514 2028; x_wconf 85' lang='lat' dir='ltr'>salmonum</span> <span class='ocrx_word' id='word_1_439' title='bbox 535 2001 565 2027; x_wconf 92' lang='lat' dir='ltr'>in</span> <span class='ocrx_word' id='word_1_440' title='bbox 587 2011 688 2038; x_wconf 87' lang='lat' dir='ltr'>ampne</span> <span class='ocrx_word' id='word_1_441' title='bbox 704 2002 830 2038; x_wconf 85' lang='lat' dir='ltr'>predicte</span> <span class='ocrx_word' id='word_1_442' title='bbox 851 2002 919 2029; x_wconf 83' lang='lat' dir='ltr'>ville</span> <span class='ocrx_word' id='word_1_443' title='bbox 934 2002 972 2029; x_wconf 90' lang='lat' dir='ltr'>sic</span> <span class='ocrx_word' id='word_1_444' title='bbox 988 2024 1106 2030; x_wconf 87' lang='grc'>......</span> <span class='ocrx_word' id='word_1_445' title='bbox 1123 2003 1273 2030; x_wconf 82' lang='lat' dir='ltr'>dividenda</span> <span class='ocrx_word' id='word_1_446' title='bbox 1294 2004 1369 2031; x_wconf 77' lang='lat' dir='ltr'>inter</span> <span class='ocrx_word' id='word_1_447' title='bbox 1384 2005 1558 2041; x_wconf 87' lang='lat' dir='ltr'>sepedictum</span> 
     </span>
     <span class='ocr_line' id='line_1_37' title="bbox 184 2049 1560 2088; baseline 0.002 -10"><span class='ocrx_word' id='word_1_448' title='bbox 184 2050 361 2088; x_wconf 78' lang='lat' dir='ltr'>Stephanum</span> <span class='ocrx_word' id='word_1_449' title='bbox 376 2055 404 2077; x_wconf 88' lang='lat' dir='ltr'>et</span> <span class='ocrx_word' id='word_1_450' title='bbox 419 2049 530 2076; x_wconf 86' lang='lat' dir='ltr'>dictum</span> <span class='ocrx_word' id='word_1_451' title='bbox 542 2050 670 2077; x_wconf 86' lang='lat' dir='ltr'>Petrum.</span> <span class='ocrx_word' id='word_1_452' title='bbox 714 2050 786 2077; x_wconf 87' lang='lat' dir='ltr'>Item</span> <span class='ocrx_word' id='word_1_453' title='bbox 802 2050 863 2086; x_wconf 73' lang='lat' dir='ltr'>lego</span> <span class='ocrx_word' id='word_1_454' title='bbox 875 2050 979 2077; x_wconf 85' lang='lat' dir='ltr'>eisdem</span> <span class='ocrx_word' id='word_1_455' title='bbox 999 2050 1143 2087; x_wconf 88' lang='lat' dir='ltr'>Stephano</span> <span class='ocrx_word' id='word_1_456' title='bbox 1158 2056 1186 2078; x_wconf 88' lang='lat' dir='ltr'>et</span> <span class='ocrx_word' id='word_1_457' title='bbox 1201 2052 1288 2079; x_wconf 91' lang='lat' dir='ltr'>Petro</span> <span class='ocrx_word' id='word_1_458' title='bbox 1303 2053 1395 2080; x_wconf 81' lang='lat' dir='ltr'>omnia</span> <span class='ocrx_word' id='word_1_459' title='bbox 1410 2054 1483 2081; x_wconf 85' lang='lat' dir='ltr'>bona</span> <span class='ocrx_word' id='word_1_460' title='bbox 1498 2064 1560 2082; x_wconf 80' lang='lat' dir='ltr'>mea</span> 
     </span>
     <span class='ocr_line' id='line_1_38' title="bbox 184 2098 1559 2139; baseline 0.004 -13"><span class='ocrx_word' id='word_1_461' title='bbox 184 2099 300 2127; x_wconf 81' lang='lat' dir='ltr'>mobilia</span> <span class='ocrx_word' id='word_1_462' title='bbox 314 2103 342 2126; x_wconf 87' lang='lat' dir='ltr'>et</span> <span class='ocrx_word' id='word_1_463' title='bbox 356 2098 482 2135; x_wconf 82' lang='lat' dir='ltr'>pignora,</span> <span class='ocrx_word' id='word_1_464' title='bbox 499 2098 632 2125; x_wconf 85' lang='lat' dir='ltr'>similiter</span> <span class='ocrx_word' id='word_1_465' title='bbox 650 2098 801 2126; x_wconf 79' lang='lat' dir='ltr'>dividenda</span> <span class='ocrx_word' id='word_1_466' title='bbox 816 2099 942 2134; x_wconf 79' lang='lat' dir='ltr'>exceptis</span> <span class='ocrx_word' id='word_1_467' title='bbox 956 2101 1134 2136; x_wconf 77' lang='lat' dir='ltr'>preexceptis</span> <span class='ocrx_word' id='word_1_468' title='bbox 1152 2100 1260 2137; x_wconf 75' lang='lat' dir='ltr'>legatis,</span> <span class='ocrx_word' id='word_1_469' title='bbox 1277 2107 1304 2128; x_wconf 85' lang='lat' dir='ltr'>et</span> <span class='ocrx_word' id='word_1_470' title='bbox 1320 2102 1385 2129; x_wconf 84' lang='lat' dir='ltr'>inde</span> <span class='ocrx_word' id='word_1_471' title='bbox 1399 2104 1559 2139; x_wconf 84' lang='lat' dir='ltr'>specialiter</span> 
     </span>
     <span class='ocr_line' id='line_1_39' title="bbox 186 2146 1555 2187; baseline 0.004 -12"><span class='ocrx_word' id='word_1_472' title='bbox 186 2170 192 2175; x_wconf 91' lang='lat'><strong><em>.</em></strong></span> <span class='ocrx_word' id='word_1_473' title='bbox 209 2170 214 2175; x_wconf 95' lang='lat'>.</span> <span class='ocrx_word' id='word_1_474' title='bbox 227 2169 232 2175; x_wconf 93' lang='lat'><strong><em>.</em></strong></span> <span class='ocrx_word' id='word_1_475' title='bbox 249 2170 254 2174; x_wconf 93' lang='lat'>.</span> <span class='ocrx_word' id='word_1_476' title='bbox 271 2169 276 2174; x_wconf 95' lang='lat'>.</span> <span class='ocrx_word' id='word_1_477' title='bbox 292 2152 319 2175; x_wconf 90' lang='lat' dir='ltr'>et</span> <span class='ocrx_word' id='word_1_478' title='bbox 335 2146 486 2179; x_wconf 83' lang='lat' dir='ltr'>nominata,</span> <span class='ocrx_word' id='word_1_479' title='bbox 502 2151 530 2173; x_wconf 87' lang='lat' dir='ltr'>et</span> <span class='ocrx_word' id='word_1_480' title='bbox 545 2146 682 2183; x_wconf 86' lang='lat' dir='ltr'>premissa</span> <span class='ocrx_word' id='word_1_481' title='bbox 696 2147 789 2174; x_wconf 84' lang='lat' dir='ltr'>onmia</span> <span class='ocrx_word' id='word_1_482' title='bbox 804 2146 972 2174; x_wconf 78' lang='lat' dir='ltr'>dividantur</span> <span class='ocrx_word' id='word_1_483' title='bbox 987 2148 1062 2176; x_wconf 85' lang='lat' dir='ltr'>iuter</span> <span class='ocrx_word' id='word_1_484' title='bbox 1074 2149 1184 2176; x_wconf 87' lang='lat' dir='ltr'>eosdem</span> <span class='ocrx_word' id='word_1_485' title='bbox 1200 2150 1378 2187; x_wconf 83' lang='lat' dir='ltr'>Stephanum</span> <span class='ocrx_word' id='word_1_486' title='bbox 1394 2157 1421 2179; x_wconf 87' lang='lat' dir='ltr'>et</span> <span class='ocrx_word' id='word_1_487' title='bbox 1437 2153 1555 2180; x_wconf 86' lang='lat' dir='ltr'>Petrum</span> 
     </span>
    </p>
   </div>
   <div class='ocr_carea' id='block_1_3' title="bbox 1399 2201 1555 2228">
    <p class='ocr_par' dir='ltr' id='par_1_3' title="bbox 1399 2201 1555 2228">
     <span class='ocr_line' id='line_1_40' title="bbox 1399 2201 1555 2228; baseline 0 0"><span class='ocrx_word' id='word_1_488' title='bbox 1399 2201 1555 2228; x_wconf 83' lang='lat' dir='ltr'>secundum</span> 
     </span>
    </p>
   </div>
  </div>
 </body>
</html>
