1731 2524
520 222 687 270 Pediyree
703 221 888 269 ofDoetor
904 220 1076 256 Domm'clc
1093 220 1126 255 L
1128 221 1224 268 ynch.
1503 233 1547 268 79

169 316 326 344 secundum
340 315 541 343 diseresionem
559 315 670 352 prefata
684 314 823 351 Stephani
839 319 867 341 et
882 313 1005 341 aliorum
1019 318 1208 341 executorum
1223 323 1352 341 meorum
1367 319 1438 341 tunc
1453 314 1550 341 viven-

168 367 254 399 cium,
278 366 332 394 viz.
352 370 479 402 tempore
500 364 644 401 legittime
668 364 754 391 etatis
778 364 884 401 prefati
904 364 993 397 Petri,
1017 369 1046 391 et
1069 363 1179 399 adjecta
1200 363 1366 390 condicione
1388 363 1465 400 quod
1486 373 1549 400 pre-

168 416 244 443 fatus
259 416 365 443 Petrus
379 415 451 442 bene
465 424 494 442 se
505 420 585 451 reget
596 420 626 442 et
639 419 720 451 geret
731 424 782 451 per
796 414 898 447 omnia,
914 413 1072 442 secundum
1087 413 1239 441 consilium
1253 418 1282 440 et
1292 413 1473 441 voluntatem
1487 423 1550 450 pre-

169 467 221 494 sati
236 465 383 502 Stephani.
425 465 465 492 Et
484 464 561 501 quod
576 464 668 492 eidem
689 463 836 501 Stephano
850 465 907 492 erit
929 464 958 491 in
981 464 1116 491 omnibus
1140 463 1199 491 suis
1221 463 1386 490 accionibus
1407 463 1548 496 obediens,

167 515 296 551 alioquin
311 514 411 542 nichill
426 514 461 542 de
475 514 621 551 premissis
637 514 727 542 eidem
742 520 859 551 prestat.
902 515 975 542 Item
992 513 1047 552 [si]
1063 514 1168 550 aliquis
1191 513 1318 540 filiorum
1342 523 1470 541 meorum
1490 514 1550 542 sinc

167 564 296 601 legitimo
310 563 408 591 heredi
423 563 457 591 de
467 574 586 601 corpore
600 574 652 592 suo
674 570 822 601 procreato
837 565 997 598 decesserit,
1012 574 1078 602 pars
1093 574 1143 592 sue
1154 564 1322 592 hereditatis
1337 570 1501 592 revertatur
1515 566 1550 592 ad

167 613 288 642 eundem
304 613 483 650 Stephanum
499 624 622 650 suosque
641 614 766 647 heredes,
787 615 1010 651 imperpetuum.
1054 614 1127 641 Item
1145 613 1222 650 quod
1237 614 1336 641 nullus
1351 614 1477 641 filiorum
1492 624 1550 641 mv-

167 673 249 691 orum
260 668 356 700 potest
366 663 497 695 vendere,
508 663 555 690 vel
566 663 699 696 alienare,
712 673 804 700 neque
815 664 967 700 pignorare
976 663 1102 699 aliquam
1111 669 1222 699 partem
1234 672 1283 690 seu
1294 664 1447 700 parcellam
1458 665 1551 691 tocius

166 713 335 741 hereditatis
349 713 485 750 predicte,
501 713 536 740 de
551 720 652 741 cetero.
694 714 769 741 Item
784 714 839 741 sub
855 723 917 741 mea
932 713 1132 741 benedictione
1146 713 1271 740 eundem
1286 713 1466 750 Stephanum
1481 724 1550 750 rogo

167 768 310 800 quatenus
328 763 420 791 eidem
436 764 523 791 Petro
537 764 695 791 beneficiat.
746 765 784 791 Et
799 764 923 800 perbene
944 764 999 791 sibi
1014 763 1142 791 dividere
1162 773 1241 791 suam
1253 769 1366 800 partem
1383 763 1551 791 hereditatis

166 832 266 840 ......
279 818 307 840 et
322 813 464 840 bonorum
478 813 638 846 mobilium,
655 819 689 840 ut
704 813 896 849 premittitur,
913 813 1058 850 dignetur.
1101 813 1146 840 Ita
1170 813 1247 849 quod
1262 813 1369 840 Petrus
1388 814 1550 850 sepedictus

167 863 222 890 erit
236 863 328 890 bonus
340 863 465 899 juvenis,
482 868 511 890 et
526 863 659 891 obediens
674 864 785 900 prefato
801 863 956 900 Stephano,
973 868 1061 900 prout
1076 873 1127 900 ego
1142 863 1270 890 multum
1282 863 1392 891 confido
1407 864 1435 891 in
1452 864 1549 891 eodem

168 913 322 949 Stephano.
364 913 438 940 Item
453 913 476 939 si
492 912 638 940 Johannes
655 912 732 939 filius
757 922 837 939 meus
852 912 918 939 vult
932 912 1030 939 venire
1044 911 1079 938 ad
1095 911 1169 938 hanc
1184 917 1310 939 nostram
1325 912 1424 939 villam
1440 912 1549 944 Galvie,

167 961 320 998 prestando
335 962 481 998 Stephano
495 962 623 998 meisque
637 962 700 989 aliis
714 962 781 989 filiis
800 972 892 989 unum
907 966 1076 998 computum
1092 971 1158 989 cum
1173 961 1318 989 solucione
1332 962 1408 994 reali,
1425 962 1460 989 ad
1475 963 1550 989 arbi-

167 1011 258 1038 trium
272 1011 395 1048 predicti
417 1011 556 1048 Stephani
571 1016 599 1039 et
614 1011 736 1038 aliorum
751 1018 942 1039 executorum
956 1021 1096 1044 meorum,
1112 1011 1232 1038 habebit
1247 1016 1358 1048 partem
1374 1021 1425 1039 sue
1439 1011 1549 1040 heredi-

167 1061 243 1093 tatis,
261 1061 418 1088 secundum
433 1061 510 1097 quod
525 1061 629 1098 prefati
644 1066 812 1088 executores
828 1061 883 1087 sibi
904 1060 1122 1096 adjudicabunt.
1166 1061 1211 1088 Ita
1232 1060 1310 1097 quod
1332 1061 1440 1088 solueio
1462 1061 1550 1089 fuerit

167 1120 233 1138 cum
248 1111 352 1138 effectu
366 1133 523 1139 ........
539 1111 635 1139 verbis
650 1131 810 1139 ........
866 1111 940 1138 Item
959 1111 1022 1148 lego
1042 1111 1198 1138 Anastacie
1221 1111 1279 1138 filie
1294 1121 1354 1138 mee
1375 1111 1481 1138 lxxxem
1495 1112 1550 1138 Iin-

167 1165 323 1188 teamentas
337 1166 388 1187 aut
402 1160 528 1187 valorem
543 1169 650 1187 eorum.
692 1160 765 1187 Item
782 1161 897 1196 Agnete
915 1159 974 1187 filie
989 1169 1050 1187 mee
1065 1160 1172 1187 lxxxffl‘
1186 1160 1388 1187 linteamentas
1407 1165 1459 1186 aut
1473 1160 1549 1187 valo-

167 1219 227 1237 rem
242 1219 349 1237 eorum.
419 1210 491 1237 Item
516 1210 579 1246 lego
606 1209 746 1237 fratribus
773 1209 1002 1246 predicatoribus
1030 1209 1064 1236 de
1089 1209 1226 1247 Athnary
1247 1208 1311 1237 sexli
1336 1209 1554 1245 sterlingorum.

169 1259 242 1286 Item
260 1259 381 1286 cuilibet
400 1260 556 1287 conventui
578 1269 628 1296 per
649 1265 738 1287 totam
752 1260 924 1287 Hiberniam
946 1259 1007 1286 xiii*
1019 1265 1048 1287 et
1062 1259 1125 1287 iiiid.
1169 1260 1243 1287 Item
1265 1259 1421 1286 conventui
1441 1268 1551 1286 monas-

168 1308 307 1335 teriorum
330 1308 364 1335 de
384 1308 484 1336 Galvia
499 1308 588 1336 iiii⁰‘¹³.
630 1310 704 1336 Item
732 1309 853 1336 cuilibet
875 1309 1030 1336 conventui
1042 1309 1281 1336 monasteriorum
1293 1308 1327 1336 de
1351 1309 1434 1336 obser
1452 1309 1552 1335 vanc-ia

168 1369 218 1396 per
230 1365 319 1387 totam
341 1360 510 1388 Hiberniam
525 1371 656 1388 marcam.
710 1361 782 1388 Item
796 1361 919 1388 cuilibet
930 1361 1170 1388 monasteriorum
1185 1360 1341 1388 conventui
1355 1360 1391 1388 de
1405 1361 1552 1388 communi

169 1409 237 1440 vita,
253 1419 284 1436 ac
306 1409 341 1436 de
355 1409 418 1436 iiii⁰r
434 1409 585 1437 ordinibus
606 1409 843 1442 mendicaneium,
869 1416 956 1446 atque
971 1409 1005 1437 de
1030 1410 1074 1437 iii⁰
1089 1410 1189 1437 ordine
1207 1409 1425 1437 observantium
1448 1410 1550 1437 bonam

168 1458 297 1494 regulam
317 1464 345 1485 et
360 1459 533 1495 exemplum,
555 1459 595 1485 iii⁵
610 1465 638 1486 et
661 1459 724 1486 iiir‘
739 1459 876 1486 denarios.
920 1459 993 1486 Item
1017 1459 1152 1496 operibus
1167 1459 1274 1496 capelle
1293 1460 1376 1486 beate
1401 1459 1550 1487 Marsiede.

168 1506 268 1534 Monte
289 1507 318 1534 in
340 1507 508 1534 occidentali
532 1514 614 1544 parte
638 1512 735 1534 nostre
759 1507 828 1534 ville
853 1506 904 1534 vin.
962 1506 999 1534 Et
1023 1508 1202 1544 pauperibus
1224 1508 1253 1534 in
1275 1507 1359 1535 domo
1380 1517 1549 1545 pauperum,

168 1561 263 1583 nostre
278 1556 345 1583 ville
357 1556 539 1593 degentibus,
553 1554 653 1583 unam¹¹
665 1556 728 1583 xiii*
743 1561 772 1583 et
786 1556 849 1583 iiii⁰¹
861 1556 924 1583 deu.
968 1557 1040 1583 Item
1056 1556 1190 1584 domibus
1206 1557 1385 1594 leprosorum
1401 1557 1435 1585 de
1449 1558 1551 1585 Galvia

167 1611 195 1632 et
207 1605 327 1643 Athnry
338 1601 447 1633 unam¹¹.
490 1606 562 1633 Item
578 1605 613 1633 ad
625 1606 819 1642 raparaeiones
830 1610 926 1633 nostre
937 1606 1005 1633 ville
1014 1606 1165 1643 quinque¹¹.
1208 1607 1282 1634 Item
1296 1605 1379 1644 [pro]
1392 1607 1550 1644 reparacio-

167 1655 252 1682 nibus
267 1655 370 1683 Sancte
382 1656 484 1684 Crucis
498 1661 596 1683 nostre
607 1656 722 1683 ecclesie
737 1666 824 1683 unam
840 1675 956 1683 ......
999 1656 1072 1683 Item
1082 1656 1245 1693 Margarete
1255 1656 1373 1694 Lynche
1385 1657 1475 1683 sorori
1488 1666 1549 1683 mee

167 1714 253 1732 unam
276 1705 387 1732 libram.
430 1706 503 1733 Item
526 1706 689 1742 Margarete
712 1705 851 1742 Stephani
877 1705 994 1743 Lynche
1019 1705 1049 1733 i¹¹.
1106 1705 1183 1733 Ithm
1209 1707 1371 1742 Margarete
1394 1716 1413 1733 x
1437 1706 1549 1733 solidos.

168 1753 241 1780 Item
257 1754 342 1781 uxori
358 1754 499 1781 ‚Iohannis
515 1754 690 1792 erirrnayn
706 1764 726 1781 x
741 1754 852 1781 solidos.
896 1754 969 1781 Item
985 1754 1147 1791 Margarete
1164 1755 1250 1783 Ruffe
1264 1765 1326 1783 mee
1341 1755 1443 1783 ancille
1459 1755 1548 1783 iiii⁴'¹¹·.

167 1802 241 1829 Item
263 1803 377 1830 Isibelle
404 1803 573 1841 Inymolgan
598 1803 638 1829 ii³³
653 1803 741 1830 libras
764 1803 826 1830 xiii*
842 1801 903 1830 iiii¹¹.
967 1803 1040 1831 Item
1068 1803 1168 1831 Silinie
1197 1804 1317 1831 Ynisida
1340 1804 1432 1832 iiii⁰‘¹¹.
1476 1805 1548 1832 Item

168 1853 328 1889 Margarete
350 1853 519 1890 Inymolgan
534 1851 566 1879 in.
609 1853 681 1880 Item
705 1852 818 1879 Morino
844 1852 1005 1890 Inybiuden
1031 1851 1061 1880 iu.
1105 1853 1178 1880 Item
1203 1853 1335 1881 Johanue
1358 1854 1492 1891 Martyne
1517 1854 1547 1880 i¹¹-

168 1904 239 1932 Item
265 1904 327 1940 lego
346 1903 533 1930 dividendum
556 1903 733 1939 pauperibus
747 1902 854 1930 habitis
879 1900 960 1929 ›zx‘Ni
975 1908 1040 1930 ster.
1083 1903 1157 1930 Item
1173 1903 1236 1940 lego
1250 1903 1427 1940 pauperibus
1448 1903 1476 1930 in
1502 1903 1547 1929 div

168 1954 265 1981 obitus
279 1963 334 1981 mei
346 1957 397 1980 xx⁰
412 1953 618 1980 linteamentas.
661 1953 733 1980 Item
748 1952 903 1980 heredibus
918 1953 1009 1981 Marci
1026 1953 1181 1990 Lomelyne
1195 1953 1226 1980 ix
1242 1953 1443 1980 linteamentas
1459 1953 1502 1979 vol
1519 1954 1547 1979 vi

169 2003 256 2030 libras
281 2002 309 2029 in
334 2002 472 2038 pecuniis.
516 2002 588 2029 Item
613 2001 729 2029 Matheo
755 2002 863 2029 Lorcan
886 2002 925 2028 ii'¹⁵
940 2002 1036 2029 libras.
1088 2002 1161 2029 Item
1187 2002 1320 2030 Cornelio
1343 2001 1547 2029 O’Meolkallid

168 2050 276 2079 unamu.
318 2051 391 2078 Item
406 2051 551 2079 Anabline
572 2051 746 2089 Inyhallnyn
761 2072 876 2078 ......
892 2050 983 2079 ἰὶἰί“’“.
1028 2052 1100 2079 Item
1115 2051 1231 2088 Magine
1248 2051 1421 2089 Inyhallnyn
1437 2051 1465 2078 in
1486 2051 1546 2087 pig-

168 2111 236 2129 nore
250 2110 336 2137 super
351 2100 498 2128 cellarium
523 2101 568 2128 sui
588 2102 679 2138 patris
704 2101 738 2128 ad
763 2101 915 2128 dotandum
939 2112 999 2129 eam
1015 2101 1141 2134 honeste,
1164 2112 1230 2129 cum
1247 2121 1365 2129 ......
1387 2101 1544 2128 amicorum

168 2160 287 2178 suorum
308 2160 349 2177 xx
369 2150 574 2179 linteamentas.
616 2152 689 2178 Item
712 2152 832 2188 collegio
847 2152 924 2180 dicte
948 2152 1016 2180 ville
1031 2152 1040 2179 i
1055 2157 1202 2189 argentam
1225 2151 1356 2188 chippam
1380 2156 1444 2178 octo
1467 2152 1545 2178 unci—

1456 2209 1546 2228 arum.
